2084 3664
1057 313 1086 360 5

281 446 575 511 Spengelius
609 446 795 508 primus
829 446 984 493 movit
1017 447 1353 508 quaestionem
1388 444 1447 493 de
1494 441 1803 491 adsciscenda
1838 442 1888 488 in

282 535 609 585 emendandis
639 536 986 599 controversiis
1031 537 1271 599 epitoma,
1320 553 1467 600 quam
1516 535 1771 584 exsecutus
1816 536 1890 580 est

283 628 478 689 praeter
510 629 698 675 ceteros
731 627 1086 691 Kiesslingins,
1131 644 1342 690 quorum
1382 645 1530 691 opera
1566 626 1736 675 multis
1771 625 1889 673 locis

272 719 623 777 confirmatum
668 720 742 767 est
789 720 1032 768 immerito
1070 720 1207 768 illam
1240 719 1537 767 Bursianum
1572 720 1885 782 aspernatum

279 826 398 857 esse.>
447 810 793 858 *ostenderunt
828 814 1082 874 praeterea
1114 813 1262 859 iidem
1297 812 1425 858 haud
1461 811 1630 874 paucis
1656 811 1774 856 locis
1805 827 1885 856 eas

280 902 608 964 conjecturas,
649 920 773 965 quae
807 903 859 950 in
897 904 1101 951 vetustis
1138 902 1374 952 Gronovii
1411 904 1461 951 et
1493 901 1689 951 Schotti
1725 917 1884 948 exem-

278 993 497 1057 plaribus
533 995 751 1059 prolatae
785 998 918 1053 sunt,
949 994 1102 1044 nimio
1132 996 1344 1059 quodam
1369 994 1566 1043 fastidio
1590 1010 1621 1041 a
1643 992 1883 1041 Bursiano

277 1086 552 1148 repudiatas
586 1087 637 1134 in
663 1087 880 1136 ordinem
906 1088 1166 1136 verborum
1194 1104 1297 1135 esse
1322 1087 1638 1150 recipiendas,
1710 1084 1881 1147 Neque

274 1179 485 1241 denique
528 1181 586 1229 de
633 1180 880 1228 codicibus
926 1180 1045 1228 satis
1090 1180 1251 1228 adhuc
1283 1181 1413 1228 inter
1455 1180 1651 1228 criticos
1686 1180 1880 1227 constat

271 1271 525 1334 judicium.
595 1272 665 1319 Et·
683 1274 734 1320 in
757 1272 850 1320 hoc
875 1273 1071 1334 quidem
1106 1289 1205 1320 uno
1240 1288 1408 1321 omnes
1443 1289 1526 1321 ore
1561 1273 1879 1321 consentiunt

276 1364 396 1411 duos
429 1363 577 1426 longe
614 1364 968 1411 vetustissimos
1000 1366 1050 1412 et
1073 1365 1284 1412 maxima
1308 1365 1600 1412 auctoritate
1626 1380 1741 1420 esse,
1779 1380 1877 1410 non

277 1455 571 1517 pendentem
619 1456 825 1504 alterum
860 1456 922 1503 ab
958 1457 1135 1514 altero,
1183 1457 1264 1504 sed
1310 1474 1369 1504 ex
1406 1457 1574 1505 eodem
1610 1456 1878 1518 archetypo

273 1545 564 1609 descriptos,
601 1564 809 1609 quorum
843 1549 1009 1595 tamen
1044 1548 1275 1608 alterum,
1312 1548 1702 1606 Bruxellensem,
1747 1549 1875 1611 quod

273 1638 377 1701 ejus
410 1638 596 1687 scribae
629 1638 759 1686 nihil
790 1655 849 1687 ex
883 1639 1090 1688 arbitrio
1125 1657 1212 1688 suo
1238 1641 1572 1698 mutavissent,
1606 1639 1875 1687 Bursianus

273 1730 325 1776 in
360 1730 640 1777 recensione
675 1731 731 1777 ut
763 1729 1133 1779 fundamentum
1166 1733 1218 1779 in
1254 1733 1375 1780 locis
1408 1732 1569 1780 dubiis
1603 1731 1700 1780 fere
1735 1732 1874 1779 unice

272 1824 465 1869 secutus
508 1824 605 1880 est,
652 1822 888 1878 alterum,
926 1822 1336 1887 Antverpiensem
1382 1825 1631 1873 nonnullis
1666 1825 1786 1872 locis
1821 1825 1873 1871 in

273 1913 545 1977 archetypo
591 1915 837 1977 corruptis
879 1917 967 1962 aut
1015 1915 1288 1964 obscuratis
1332 1917 1489 1980 magis
1535 1916 1595 1964 ad
1629 1916 1871 1978 integram

273 2005 568 2067 scripturam
613 2006 839 2054 accedere
886 2007 1091 2069 ideoque
1144 2008 1330 2070 pariter
1378 2007 1707 2055 adhibendum
1770 2022 1873 2054 esse

272 2097 486 2150 ostendit
503 2096 805 2145 Konitzerus'
821 2098 874 2149 in
899 2099 1011 2147 diss.
1068 2099 1290 2148 Tertium
1314 2101 1543 2158 codicem,
1581 2100 1795 2148 Bruxell.
1821 2100 1870 2147 II

270 2190 368 2237 sive
406 2188 835 2247 Covarruvianum,
873 2207 1024 2253 quum
1058 2191 1173 2249 illis,
1210 2192 1388 2254 quibus
1424 2208 1453 2238 a
1486 2191 1624 2239 codd.
1659 2190 1700 2238 B
1735 2194 1784 2239 et
1808 2191 1866 2238 A.

269 2281 516 2343 discrepat
557 2280 850 2328 lectionibus
893 2281 1047 2344 ipsius
1095 2282 1375 2344 conjectura
1421 2282 1685 2331 correxisse
1721 2283 1869 2330 verba

271 2374 571 2422 intellexerit
604 2373 898 2433 Bursianus,
945 2376 1111 2422 tamen
1157 2375 1402 2423 interdum
1438 2375 1632 2423 Andrea
1667 2374 1869 2424 Schotto

225 2502 235 2510 .
268 2468 464 2519 auctore
500 2466 637 2528 sequi
671 2481 943 2528 propensus
977 2466 1182 2514 videtur.
1227 2466 1422 2514 *Paullo
1458 2467 1695 2530 majorem
1718 2468 1866 2515 etiam

267 2559 610 2609 auctoritatem
660 2557 773 2607 huic
819 2559 974 2608 codici
1018 2559 1233 2608 adtribui
1280 2559 1386 2607 vult
1429 2559 1700 2623 Hoefigius.
1771 2559 1865 2616 Qui

222 2647 242 2660 ³
268 2656 337 2703 ita
370 2654 592 2716 disputat
624 2653 658 2700 1.
693 2669 762 2701 cr:
799 2651 929 2709 Nam
961 2654 1152 2701 etiamsi
1187 2654 1414 2702 omnibus
1447 2654 1550 2715 ejus
1594 2653 1863 2716 scripturiS,

267 2746 445 2808 quibus
465 2760 494 2793 a
515 2744 820 2793 Bruxellensi
847 2746 897 2793 et
916 2743 1268 2807 Antverpiensi
1289 2744 1508 2801 discedit,
1544 2744 1707 2796 nullus
1741 2745 1865 2792 alius

265 2838 360 2887 nisi
393 2836 976 2901 conjecturarumhonos
1009 2835 1262 2884 habendus
1297 2837 1425 2883 esset
1469 2835 1539 2899 (id
1575 2836 1704 2899 quod
1741 2834 1863 2883 mihi

263 2932 589 2982 desomnixbus
604 2931 821 2979 nondum
844 2930 1096 2994 persuasi),
1132 2947 1213 2978 eas
1234 2932 1403 2979 tamen
1426 2947 1548 2993 quas
1574 2930 1703 2986 fecit,
1742 2945 1863 2990 quo-

263 3024 671 3073 niaem2m1endum
716 3025 767 3072 in
816 3024 981 3071 codiee
1030 3023 1156 3071 unde
1201 3023 1478 3086 descripsit,
1526 3023 1766 3084 quantum
1813 3024 1862 3070 et

258 3114 401 3178 quale
437 3118 578 3165 esset·
595 3115 734 3164 testis
768 3115 1013 3163 osculatus
1059 3114 1178 3163 vidit
1223 3113 1519 3176 omninoque
1555 3112 1767 3176 aliquem
1812 3114 1862 3159 et
