2084 3664
1044 317 1108 364 42

283 454 404 502 haec
440 452 759 517 praecedunt:
795 451 860 499 In
885 451 1061 513 priore
1086 456 1236 513 parte
1269 451 1357 500 hoc
1386 452 1657 504 vindicavit
1678 452 1892 517 (Gallio)

279 559 379 595 non
405 557 552 608 posse
582 542 742 605 filium
777 540 834 592 ob
873 541 929 591 id
959 540 1203 602 abdicari,
1238 542 1369 606 qaod
1387 545 1513 595 essct
1538 560 1658 596 suae
1678 548 1892 610 potesta-

281 638 345 688 tis
357 655 372 698 ,·
427 635 554 687 nulli
598 639 761 686 autem
805 635 1035 686 interdici
1069 635 1494 698 *miseoicordiam5
1535 637 1663 701 quid-
1699 637 1745 688 si
1775 637 1890 699 flere

280 744 354 777 me
386 732 514 778 vetes
547 743 649 790 eqS.
716 726 830 775 Jam
864 742 980 776 vcro
1016 727 1187 791 procul
1220 727 1372 776 dubio
1406 727 1585 776 verba:
1631 729 1686 778 in
1717 734 1888 779 nostra

272 824 518 884 potestate
545 823 663 869 sunt
684 819 852 868 eodem
874 819 1020 869 modo
1043 819 1330 883 accipienda.
1355 822 1503 883 atque
1527 821 1698 883 paullo
1739 837 1888 885 supra

281 916 402 964 suae
411 913 673 976 potestatis
690 916 778 973 est,
801 911 933 976 quod
949 912 1051 961 illic
1069 912 1131 961 de
1147 912 1286 961 nulla
1301 912 1402 961 alia.
1420 928 1475 962 re
1497 919 1640 977 posse
1663 914 1890 978 intellegi

283 1025 433 1073 quam
476 1006 536 1055 de
583 1005 705 1071 ipsis
748 1004 1008 1055 affectibus
1051 1005 1279 1057 ostendit·
1299 1007 1351 1056 et
1383 1008 1492 1056 tota
1524 1009 1887 1072 argumentatio

283 1104 333 1151 et
365 1117 491 1165 quae
525 1099 749 1163 sequitur
782 1099 1045 1159 sententia,
1078 1102 1343 1163 utrumque
1376 1101 1610 1150 nimirum
1644 1102 1892 1166 significat

282 1194 358 1251 id,
393 1192 525 1256 quod
558 1190 788 1240 interdici
820 1206 922 1240 non
955 1192 1134 1255 potest.
1776 1235 1778 1237 .

380 1282 498 1331 Non
542 1283 697 1345 igitur
744 1282 914 1330 eadem
954 1283 1163 1342 tractat,
1196 1298 1322 1347 quae
1365 1282 1516 1332 Latro
1550 1286 1720 1348 postea
1734 1318 1747 1342 ,
1801 1286 1885 1348 qui

282 1374 408 1424 dixit
437 1388 536 1423 non
549 1372 648 1434 feci
672 1373 880 1433 ratione,
913 1373 1092 1434 affectu
1117 1373 1277 1424 victus
1298 1387 1422 1433 sum,
1446 1375 1578 1440 quod
1604 1376 1711 1439 ipse
1735 1374 1886 1423 Latro

289 1484 391 1517 non
424 1468 681 1528 tamquam
716 1464 1055 1527 quaestionem
1089 1465 1402 1515 tractandum
1436 1482 1539 1515 esse
1572 1467 1762 1530 ajebat3
1809 1466 1893 1516 sed

283 1557 516 1606 Latronis
566 1555 689 1604 illud
736 1565 926 1620 ponens
971 1571 1136 1604 veram
1181 1558 1519 1621 quaestionem
1560 1557 1705 1615 facit,
1767 1574 1887 1608 num

284 1649 441 1712 possit
486 1647 666 1709 aliquis
713 1646 929 1695 abdicari
973 1647 1038 1695 ob
1072 1648 1151 1707 id,
1196 1649 1327 1711 quod
1371 1649 1476 1712 ejus
1510 1650 1773 1713 potestatis
1806 1650 1887 1705 sit,

283 1741 415 1804 quod
452 1739 560 1789 fieri
604 1754 706 1788 non
755 1754 898 1802 posse
938 1739 1208 1788 contendit.
1285 1740 1453 1789 Etiam
1497 1756 1622 1803 quae
1669 1741 1888 1803 sequitur

281 1833 529 1883 sententia
560 1832 809 1896 integram
842 1846 947 1881 esse
981 1831 1203 1895 codicum
1242 1833 1502 1884 lectionem
1535 1834 1729 1883 videtur
1755 1818 1888 1885 com-'-

286 1926 526 1990 probare3
576 1939 693 1972 nam
726 1938 880 1986 quum
913 1921 1060 1972 dicit:
1100 1923 1343 1986 quaedam
1383 1924 1509 1986 jura
1557 1939 1656 1974 non
1686 1925 1888 1985 scripta,

286 2018 373 2068 sed
406 2016 625 2067 omnibus
656 2014 860 2077 scriptis
893 2015 1107 2066 certiora
1145 2021 1284 2078 sunt,
1325 2019 1521 2081 praeter
1553 2019 1716 2067 cetera
1746 2019 1887 2081 quasi

280 2114 361 2176 jus
381 2109 626 2174 quoddam
649 2108 915 2156 affectuum
937 2108 1203 2173 intellegit,
1233 2109 1316 2172 jus
1339 2109 1614 2169 affectibus,
1646 2112 1886 2174 quantum

289 2206 465 2268 cuique
499 2201 717 2260 libuerit,
753 2200 1054 2265 indulgendi.
1123 2200 1305 2251 Causas
1334 2219 1451 2252 vero
1484 2204 1526 2252 si
1561 2204 1770 2267 quaeris,
1806 2219 1892 2252 cur

287 2299 341 2346 in
363 2298 497 2346 hunc
520 2310 739 2344 errorem
763 2294 1062 2358 epitomator
1084 2294 1329 2354 inciderit,
1361 2310 1464 2344 non
1485 2296 1585 2348 alte
1600 2294 1894 2359 repetendae

285 2390 416 2438 sunt.
480 2385 611 2435 Nam
634 2402 786 2448 quum
820 2385 941 2434 alibi
971 2401 1167 2448 quoque
1198 2385 1252 2434 in
1284 2386 1504 2450 longiore
1536 2386 1891 2435 sententiarum

287 2479 721 2544 comprehensione
763 2478 945 2526 nimiae
991 2478 1214 2526 incuriae
1275 2494 1391 2527 eum
1437 2479 1718 2543 coarguisse
1770 2478 1891 2528 mihi

287 2574 482 2631 videor,
526 2573 635 2619 tum
674 2569 766 2618 hoc
809 2570 918 2618 loco
962 2569 1012 2617 id
1046 2568 1261 2630 accedit,
1295 2570 1425 2635 quod
1459 2587 1538 2633 ea,
1586 2587 1735 2635 quam
1783 2572 1888 2635 ipse

287 2666 473 2731 posuit,
511 2661 760 2712 sententia
792 2661 912 2710 trita
945 2663 1019 2710 est
1051 2663 1200 2726 atque
1232 2663 1465 2727 volgariS‚
1500 2661 1742 2712 Gallionis
1775 2678 1891 2711 vero

288 2759 455 2824 paullo
488 2756 719 2806 subtilius
750 2756 900 2818 atque
934 2755 1228 2803 insolentius
1264 2756 1557 2820 excogitata.

386 2849 486 2898 Eos
502 2849 649 2907 locos,
685 2847 770 2911 qui
794 2847 1036 2911 epitomes
1053 2864 1147 2911 ope
1168 2847 1441 2916 corrigendi
1469 2849 1600 2905 sunt,
1630 2847 1892 2897 maximam

288 2945 507 3009 partem,
560 2940 646 3004 qui
687 2939 742 2987 in
774 2938 1093 2989 emendandis
1127 2939 1337 2990 Senecae
1374 2940 1514 2989 libris
1547 2938 1729 2988 versati
1761 2939 1891 2997 sunt,

283 3037 386 3099 jam
413 3034 858 3098 pertractaverunt,
895 3048 1091 3095 paucOS,
1128 3049 1252 3096 quos
1281 3034 1356 3081 illi
1390 3033 1710 3096 reliquerunt,
1743 3047 1894 3079 unus-

288 3129 492 3192 quisque
521 3126 667 3175 facile
701 3125 886 3190 poterit
914 3125 1157 3190 expedire.
1227 3127 1363 3176 Duos
1396 3126 1612 3176 breviter
1637 3124 1893 3191 attingam,
