2084 3664
998 331 1056 378 11

229 465 416 512 tantam
432 460 596 510 urbem
608 460 742 523 feeit,
778 464 1012 525 quantam
1033 460 1199 511 Cicero
1221 459 1437 511 servavit
1439 492 1616 507 ......
1640 455 1832 506 Glorie-

229 558 311 605 tur
342 557 567 603 revocato
595 552 878 603 Hannibale
910 551 1094 614 Scipio,
1128 552 1323 615 Pyrrho
1343 551 1612 601 Fabricius
1630 586 1803 599 ......
1821 564 1831 595 :

228 657 365 695 nemo
401 644 559 695 hostis
596 645 818 698 Catilina
843 645 1060 707 propias
1091 644 1304 693 accessit.

363 735 547 786 Eadem
581 735 766 801 pagina
790 735 976 786 Seneca
1004 737 1117 800 post
1151 735 1456 784 narrationes
1490 733 1837 783 historicorum

230 828 537 878 laudationes
569 830 673 878 sive
711 828 952 892 ἐπιτάφιοι
994 829 1345 877 nonnullorum
1387 826 1580 890 adjicit,
1632 843 1837 889 quorum

233 923 421 987 primus
455 924 531 971 est
563 920 620 971 Τ.
654 921 838 983 Livius,
874 922 960 987 qui
992 921 1085 971 hoc
1120 921 1331 970 reddidit
1355 919 1579 969 Ciceroni
1617 919 1837 967 testimo-

231 1016 395 1064 nium:
429 1014 547 1078 Ipse
568 1016 799 1078 fortunae
833 1016 920 1065 dia
945 1029 1219 1077 prosperae
1252 1018 1299 1063 et
1329 1014 1384 1063 in
1419 1014 1558 1076 lonyo
1583 1017 1745 1062 tenore
1763 1012 1836 1073 fe-

234 1106 437 1155 licitatis
485 1107 677 1168 maqnis
718 1107 917 1156 interim
958 1107 1083 1155 ictas
1124 1106 1423 1163 vulneribus,
1457 1105 1628 1153 exsilio
1642 1143 1653 1164 ,
1687 1105 1837 1152 ruina

226 1199 471 1260 partium,
512 1215 612 1261 pro
661 1200 836 1262 quibus
883 1204 1105 1260 steterat,
1153 1200 1287 1261 filiae
1333 1204 1507 1259 morte,
1558 1199 1701 1257 emita·
1736 1202 1835 1246 tam

234 1290 367 1340 tristi
396 1294 541 1352 atque
574 1290 761 1352 acerbo,
797 1290 1011 1339 omnium
1032 1290 1349 1339 adversorum
1369 1289 1494 1338 nihil
1515 1294 1570 1339 at
1591 1291 1698 1338 viro
1733 1290 1835 1351 diq-

230 1397 347 1433 num
381 1388 491 1432 erat
522 1383 636 1432 tulit
661 1387 863 1444 praeter
890 1387 1111 1440 mortem,
1155 1398 1279 1443 qaae
1311 1398 1421 1430 vere
1446 1383 1726 1431 aestimanti
1746 1382 1837 1429 mi-

235 1488 335 1523 nus
361 1474 569 1537 indiqu-a
597 1474 758 1523 videri
779 1474 960 1535 potnit,
996 1473 1128 1535 qaod
1158 1489 1190 1521 a
1212 1475 1394 1522 victore
1413 1474 1611 1522 inimico
1631 1473 1705 1521 nil
1728 1487 1840 1521 era-

237 1564 395 1613 delias
419 1578 606 1626 passas
637 1570 760 1625 erat,
796 1580 943 1627 qaam
974 1565 1104 1627 qaod
1135 1565 1347 1626 ejusdem
1375 1566 1605 1625 fortunae
1633 1564 1840 1625 compoti

231 1658 439 1718 fecisset.
519 1656 597 1704 Ita
639 1656 911 1706 Bursianus
973 1658 1272 1706 existimavit
1324 1658 1676 1706 restituendam
1738 1673 1840 1706 esse

235 1753 525 1814 scripturam
559 1752 795 1809 codicum,
829 1751 882 1798 in
919 1751 1098 1813 quibus
1132 1751 1282 1798 inest:
1311 1753 1543 1812 fortunae
1577 1752 1839 1812 composito

232 1844 438 1904 fecisset.
505 1844 600 1894 Sed
634 1846 799 1893 tamen
836 1846 951 1893 sunt
986 1845 1111 1893 duae
1145 1860 1332 1904 causae,
1348 1859 1454 1892 ‘cur
1486 1843 1617 1892 haud
1651 1845 1722 1893 ita
1756 1860 1840 1893 ven

239 1935 441 1986 risimile
493 1936 714 1986 videatur
755 1934 989 1987 Senecam
1033 1935 1194 2001 ipsum
1241 1936 1314 1985 ita
1365 1934 1494 1985 hanc
1544 1937 1840 1990 sententiam

235 2029 597 2093 perscripsisse3
649 2044 857 2092 quarum
903 2029 1061 2077 altera
1106 2045 1165 2077 ex
1199 2029 1422 2077 codicum
1454 2029 1665 2077 lectione
1699 2045 1840 2093 repe-

233 2120 380 2168 tenda
425 2123 525 2177 est3
573 2136 690 2168 nam
722 2120 804 2168 vix
848 2120 1126 2182 intelligere
1169 2137 1448 2183 possumus,
1496 2122 1742 2183 quomodo
1777 2122 1836 2168 li-

236 2213 449 2271 brarius,
502 2229 653 2275 quum
687 2213 896 2273 compoti
926 2213 980 2260 in
1014 2212 1283 2274 exemplari
1316 2229 1404 2261 suo
1438 2214 1730 2272 invenisset,
1778 2231 1836 2262 eo

233 2304 494 2369 perductus
525 2304 614 2363 sit,
648 2306 706 2352 ut
739 2304 1001 2366 composito
1035 2304 1333 2353 describeret
1349 2341 1360 2362 ,
1405 2304 1537 2368 quod
1571 2320 1732 2368 neque
1765 2306 1840 2354 ul-

232 2397 335 2444 lum
368 2396 631 2459 vestigium
664 2396 858 2445 litterae
892 2411 918 2444 s
951 2395 1088 2445 adest
1137 2412 1297 2459 neque
1343 2399 1455 2460 post
1498 2399 1585 2444 aut
1616 2397 1723 2460 ipsa
1756 2398 1839 2445 lit-

234 2491 344 2538 tera
376 2503 403 2537 o
438 2489 525 2535 aut
556 2504 681 2550 quae
729 2488 940 2536 similem
988 2490 1240 2551 aspectum
1290 2489 1527 2551 praebeat
1542 2526 1554 2550 ‚
1598 2491 1836 2552 sequitur,

233 2580 362 2630 unde
404 2580 543 2629 illam
593 2581 754 2628 ortam
805 2594 907 2628 esse
951 2581 1237 2628 statuamus,
1306 2579 1536 2640 Accedit,
1586 2581 1716 2644 quod
1748 2599 1837 2645 per

232 2688 402 2721 omnes
427 2670 637 2719 Senecae
670 2671 823 2719 libros
857 2671 1037 2732 ubique
1070 2672 1282 2718 scribam
1313 2672 1662 2733 cognoscimus
1695 2673 1841 2720 nimis

235 2767 607 2829 properantem,
644 2766 701 2812 ut
733 2767 1014 2830 saepissime
1047 2766 1348 2813 decurtasset
1381 2766 1431 2810 et
1466 2764 1719 2814 omitteret
1752 2767 1841 2814 ali-

236 2856 367 2919 quid,
403 2872 644 2920 nusquam
678 2856 779 2905 fere
818 2857 1065 2920 adjiceret,
1102 2855 1197 2903 nisi
1230 2854 1355 2903 forte
1380 2855 1585 2903 eandem
1620 2857 1836 2904 litteram

235 2951 322 2998 aut
353 2948 592 3013 syllabam
608 2986 620 3008 ,
664 2951 750 2998 aut
793 2952 925 2999 certe
968 2949 1176 2999 similem
1208 2948 1364 2996 nimia
1395 2948 1587 2997 incuria
1626 2949 1697 2997 bis
1730 2949 1837 2998 des-

235 3041 421 3103 cripsit,
456 3041 595 3103 cujus
628 3041 698 3089 rei
732 3045 845 3105 post
877 3041 1118 3090 nonnulla
1151 3040 1376 3103 exempla
1404 3041 1683 3089 afferentur.
1753 3043 1836 3091 Al-

235 3133 344 3180 tera
376 3148 544 3193 causa,
580 3148 666 3180 cur
697 3131 927 3180 Bursiani
963 3132 1347 3181 emendationem
1382 3133 1702 3194 comprobare
1734 3151 1834 3181 non
