2084 3664
965 247 1031 296 43

215 371 274 420 de
319 373 508 437 quibus:
543 373 749 422 fortasse
795 376 1020 427 dubitare
1064 379 1241 441 aliquis
1274 377 1448 442 possit.
1499 374 1647 434 80‚24
1678 375 1819 438 (epit.

217 465 419 530 392,26)
446 466 643 537 'legitur
666 471 876 530 putare-s·
899 470 1122 531 puellam
1154 471 1368 531 demitti,
1417 484 1517 521 non
1561 468 1735 520 cadere
1766 471 1818 518 in

175 607 185 619 ,
220 557 455 622 epitoma:
488 572 586 609 non
619 558 745 609 deici
776 560 863 611 sed
893 560 1096 611 demitti.
1161 562 1274 612 Jam
1307 579 1421 614 vero
1445 564 1500 613 in
1531 561 1670 613 codd.
1704 562 1820 611 sunt

160 650 196 681 ⁸
212 648 426 700 litterae·
451 651 644 701 caderei
657 689 670 713 ‚
725 669 848 716 quas
900 654 1091 718 explico
1149 671 1208 703 ex
1264 655 1518 720 archetypi
1571 655 1817 719 scriptura

215 744 402 803 cadere,
438 761 606 806 vocem
641 746 815 796 cadere
849 764 938 811 pro
970 749 1260 811 glossemate
1293 749 1495 808 ducenS,
1538 750 1667 813 quod
1701 751 1815 813 post

214 834 339 886 deici
382 852 547 886 veram
581 838 840 888 lectionem
872 840 1133 914 submoyit.
1217 840 1365 910 Cujus
1409 840 1716 904 corruptelae
1750 855 1813 888 ne

213 927 488 993 exemplum
530 930 796 992 desidereS,
837 948 1067 998 compara
1113 934 1181 983 sis
1212 949 1322 999 pag.
1359 933 1534 994 31,18,
1568 931 1654 980 ubi
1686 930 1813 980 Bur-

214 1021 378 1070 sianus
409 1023 606 1087 scripsit
628 1025 790 1075 aiebat
816 1042 906 1089 pro
933 1027 1153 1076 codicum
1174 1027 1417 1088 audiebat,
1453 1024 1585 1089 quod
1607 1024 1812 1073 fortasse

214 1115 375 1162 ortum
421 1115 485 1162 sit
529 1131 589 1163 ex
633 1116 836 1179 antiqua
881 1116 1219 1182 dittographia
1263 1117 1470 1166 dicebat.
1550 1115 1813 1163 Praeterea

217 1206 281 1263 id,
317 1207 447 1269 quod
481 1201 694 1279 epitome
730 1209 952 1271 praebet,
986 1210 1171 1272 optime
1206 1209 1435 1273 congruit
1466 1223 1579 1255 cum
1599 1206 1811 1254 Senecae

214 1301 265 1346 et
297 1297 553 1346 rhetorum
585 1299 775 1346 dicendi
810 1300 1019 1358 ratione,
1055 1301 1140 1363 qui
1174 1300 1227 1348 in
1261 1316 1341 1347 eas
1365 1297 1648 1354 sententias,
1683 1311 1808 1358 quas

213 1389 321 1453 ipsa
347 1390 583 1439 brevitate
606 1382 847 1440 delectare
871 1392 921 1440 et
954 1391 1329 1441 admirationem
1350 1405 1544 1440 movere
1566 1387 1812 1444 volebant,

213 1495 324 1530 eum
355 1480 564 1530 maxime
593 1480 831 1546 ejusmodi
860 1491 1001 1532 voees
1028 1482 1350 1547 ingesserunt,
1387 1495 1511 1545 quae
1546 1478 1656 1543 ipso
1691 1491 1811 1525 sono

214 1554 494 1620 antitheton
526 1574 577 1620 et
608 1573 760 1621 ictum
794 1575 1064 1623 sententiae
1098 1575 1351 1640 augerent.
1815 1631 1817 1634 ἱ

310 1665 431 1730 Pag.
477 1667 649 1725 229‚7:
699 1667 818 1717 Non
860 1668 1121 1718 immobilis
1161 1666 1358 1730 stetisti,
1407 1681 1504 1716 non
1535 1664 1640 1714 illic
1671 1663 1814 1727 quasi

212 1762 259 1808 et
288 1759 395 1820 ipse
427 1760 611 1821 affixus
641 1759 855 1810 haesisti.
922 1761 1234 1825 Epitomator
1267 1775 1381 1825 pag.
1416 1758 1593 1820 449,21
1612 1793 1627 1816 ,
1660 1773 1812 1821 quum

213 1850 374 1898 cetera
421 1849 484 1898 ad
530 1850 735 1898 verbum
784 1851 1018 1911 reddidit,
1070 1868 1158 1916 pro
1215 1851 1392 1902 stetisti
1451 1851 1623 1899 eontra
1669 1864 1810 1896 usum

213 1940 516 2005 elegantiore
563 1957 679 1990 usus
728 1944 804 1992 est
847 1958 962 1993 voce
1008 1944 1281 2008 diriquisti,
1328 1958 1452 2007 quae
1493 1955 1595 1991 non
1635 1939 1809 1989 dubito

213 2032 332 2095 quin
360 2033 412 2080 in
433 2034 817 2083 controversiam
845 2035 1130 2101 excipienda
1163 2037 1263 2095 sit?
1288 2035 1483 2085 videtur
1508 2033 1642 2083 enim
1659 2031 1809 2080 etiam

210 2122 289 2173 hic
322 2124 384 2173 ad
432 2124 525 2174 hoc
557 2126 848 2175 vocabulum
893 2128 1065 2192 utpote
1099 2128 1261 2177 minus
1294 2128 1531 2176 usitatum
1570 2124 1812 2195 glossema

211 2217 510 2281 adscriptum
531 2217 681 2267 fuisse
713 2219 904 2279 stetisti,
939 2219 1070 2284 quod
1104 2222 1217 2284 post
1247 2220 1435 2270 scribae
1466 2218 1624 2268 solum
1650 2219 1810 2264 trans-

211 2311 517 2368 scribebant3
533 2311 931 2376 interpolationis
953 2314 1307 2362 vetustissimae
1331 2312 1609 2378 exemplum
1623 2309 1808 2360 detexit

210 2402 502 2452 Konitzerus
530 2404 741 2467 (indiae.)
761 2421 875 2470 pag.
903 2405 1064 2464 7427,
1088 2405 1173 2454 ubi
1194 2422 1285 2469 pro
1314 2405 1557 2468 scriptura
1576 2404 1807 2451 accusata

210 2498 424 2562 epitome
481 2496 677 2546 exhibet
724 2497 996 2559 hemia-ida,-
1050 2500 1101 2547 et
1152 2498 1446 2560 Vahlenius‚
1505 2497 1591 2561 qui
1643 2509 1810 2544 vocem

202 2589 453 2651 praelium
465 2605 579 2654 pag.
596 2590 774 2650 120,22
801 2607 891 2655 pro
915 2591 1204 2654 glossemate
1228 2590 1502 2641 habendam
1526 2605 1627 2638 esse
1653 2587 1808 2636 docet.

308 2679 537 2728 Ceterum
569 2680 728 2730 utitur
761 2680 947 2732 Seneca
982 2683 1154 2732 eodem
1193 2683 1432 2733 vocabulo
1482 2699 1590 2746 pag.
1630 2680 1806 2741 190,13

210 2773 415 2837 diriyuit
446 2773 653 2832 animus,
688 2774 883 2825 obortae
914 2779 1030 2825 sunt
1062 2770 1219 2826 subito
1256 2777 1491 2827 tenebrae.

309 2864 444 2915 Haec
466 2866 598 2925 sunt,
643 2880 768 2930 quae
795 2865 855 2915 de
893 2867 1147 2916 nonnullis
1168 2866 1380 2918 Senecae
1417 2869 1537 2918 locis
1567 2884 1807 2933 exponere

211 2959 335 3008 mihi
368 2958 422 3007 in
456 2958 617 3028 animo
652 2960 773 3006 erat.
855 2958 1101 3010 Profiteor
1145 2978 1222 3011 me
1257 2962 1452 3026 quidem
1487 2977 1653 3010 omnes
1686 2976 1807 3024 quas

209 3052 443 3117 proposui
462 3067 715 3118 persuasas
741 3051 922 3103 habere
954 3054 1333 3115 emendationes,
1354 3055 1454 3114 alii,
1482 3055 1534 3103 in
1564 3056 1803 3118 quantum
