2084 3664
962 335 1024 381 36

196 466 394 514 Tuscul.
429 466 453 514 I
488 469 629 528 6,12;
677 467 805 515 hunc
851 481 936 528 eye
969 482 1221 529 nunquam
1254 469 1473 517 videram
1506 466 1653 515 etiam*
1680 462 1798 512 Ter.

196 558 461 607 Eunuchus
503 559 562 608 V.
607 559 720 617 8‚62
754 557 834 623 (cf.
869 557 1027 608 Hand.
1065 558 1275 607 Tursell.
1308 559 1355 613 11
1401 575 1515 623 pag.
1538 558 1668 616 ⁵73,
1712 556 1800 604 ubi

195 651 338 713 plura
372 650 594 714 exempla
627 653 864 714 congesta
897 650 1058 714 sunt).
1128 648 1254 697 Tum
1298 650 1689 714 apud-Senecam
1719 662 1800 696 ex-

196 745 296 791 stat
328 744 479 804 locus,
513 760 612 806 quo
647 760 816 792 omnes
863 743 1050 792 codices
1095 745 1227 791 recte
1273 744 1510 806 praebent
1543 742 1687 791 eiiam
1720 756 1802 788 ea-

193 834 305 883 dem
346 835 549 883 notione
585 851 699 898 pag.
735 836 896 895 95,10‚
932 835 1017 883 ubi
1046 835 1282 899 legitur:'
1307 835 1461 884 solent
1508 834 1594 895 qui
1627 848 1803 895 σοφω-

194 931 277 974 tur
309 942 341 974 a
377 925 610 986 patribus
652 930 709 974 ut
756 939 934 974 uxores
973 925 1157 975 ducant
1183 921 1275 975 illa
1320 924 1504 974 dicere:
1562 938 1661 973 non
1714 936 1799 972 sw-

193 1033 303 1067 mus
355 1019 496 1067 etiam
548 1032 678 1066 nunc
728 1018 836 1079 apti
881 1018 1071 1078 nuptiis
1129 1032 1256 1078 quae
1310 1030 1533 1079 prorsus·
1553 1016 1625 1062 ita
1672 1013 1801 1061 dicta

194 1112 311 1158 sunt
341 1125 397 1158 ac
432 1110 474 1159 si
508 1109 729 1159 dixisset:
767 1124 865 1159 non
893 1123 1061 1158 smnus
1081 1109 1191 1170 jam
1220 1123 1350 1158 nunc
1372 1108 1480 1170 apti
1511 1107 1716 1168 nuptiis.
1765 1174 1773 1180 .

293 1240 412 1306 Pag.
459 1241 628 1301 57‚24‚
681 1237 768 1288 ubi
817 1239 1026 1303 injectus
1076 1242 1151 1288 est
1195 1257 1354 1288 sermo
1404 1239 1463 1288 de
1515 1237 1795 1287 conditione

195 1334 324 1382 vitae
379 1333 648 1391 humanae,
709 1331 832 1380 haec
875 1334 990 1380 sunt
1031 1315 1201 1380 verba:
1258 1332 1425 1381 Omnis
1468 1325 1711 1402 in'stobiiis
1754 1333 1800 1378 et

193 1426 383 1473 ineerta
438 1424 654 1485 felicitas
714 1428 796 1472 est.
895 1422 1013 1484 Quis
1086 1421 1301 1472 crederet
1349 1412 1602 1484 jacentem*
1641 1417 1798 1483 supra

194 1517 491 1578 crepidinem
520 1516 748 1566 Marium
789 1515 943 1577 fuisse
989 1516 1231 1564 consulem
1264 1509 1351 1564 aut
1379 1515 1637 1576 futurum?
1681 1514 1800 1576 quid

185 1623 342 1669 porro
379 1612 479 1656 tam
513 1607 650 1669 lonye
685 1607 908 1668 exempla
941 1607 1145 1669 repeto?
1181 1612 1426 1667 tamquam
1459 1606 1598 1655 modo
1623 1606 1689 1655 sit
1713 1606 1798 1667 qui

192 1702 331 1752 illum
366 1701 505 1749 vidit.
574 1699 817 1748 Ultimum
851 1699 1167 1748 enunciatum
1203 1699 1322 1762 quid
1354 1698 1619 1763 significet,
1653 1698 1694 1746 si
1727 1696 1798 1745 ita

193 1793 558 1858 perscribimus»,
596 1792 857 1841 obscurum
878 1793 967 1840 est.
1026 1791 1478 1863 Bursianus2quum
1498 1790 1622 1840 alius
1647 1785 1799 1840 codex

193 1887 427 1951 praebeat
469 1885 687 1943 modum,
732 1884 882 1933 scribi
927 1884 1056 1933 vult:
1103 1864 1385 1946 „tamquam
1419 1900 1543 1947 opus
1573 1872 1640 1956 sit
1669 1870 1798 1957 setest‘

193 1980 286 2029 Sed
326 1978 486 2041 magis
539 1978 659 2040 puto
704 1966 915 2039 vestigia
959 1976 1182 2025 codicum
1228 1956 1431 2051 retineri
1461 1965 1604 2040 :posse
1640 1960 1797 2040 neque

191 2070 485 2118 deteriorem
522 2084 715 2115 sensum
744 2048 892 2126 *ef-fici,
928 2083 1037 2114 cum
1074 2067 1349 2115 scribimus:
1387 2072 1634 2128 tamquam
1655 2068 1795 2116 modo

191 2162 332 2220 sciat,
369 2160 455 2220 qui
488 2159 629 2207 illum
662 2158 804 2226 vidit,
839 2157 1130 2221 praesertim
1166 2174 1318 2222 quum
1354 2158 1446 2206 hoc
1468 2158 1670 2207 verbum
1695 2176 1795 2223 non

191 2269 289 2299 uno
323 2251 432 2298 loco
467 2250 520 2297 in
555 2248 768 2297 Senecae
804 2248 944 2296 libris
979 2249 1127 2296 simili
1161 2250 1305 2298 modo
1340 2251 1627 2313 corruptum
1659 2251 1795 2299 inve-

192 2343 373 2400 niatur,
410 2341 489 2400 sit,
522 2340 620 2389 sire
656 2329 745 2403 pro
780 2339 874 2388 seit
905 2340 1031 2389 seire
1054 2340 1285 2404 (exempli
1306 2341 1468 2404 gratia
1492 2357 1604 2405 pag.
1632 2327 1794 2400 6327,

192 2434 277 2482 ubi
309 2433 403 2482 siet
435 2448 526 2496 pro
560 2415 674 2481 sciit
707 2432 945 2495 scriptum
982 2432 1086 2496 est).

293 2561 456 2611 Ovidii
500 2559 714 2609 Nasonis
758 2561 1163 2610 declamationem
1199 2560 1382 2612 Seneca
1420 2562 1570 2613 refert
1602 2566 1797 2619 contro-

192 2656 351 2706 versia
362 2653 566 2715 decima,
597 2653 734 2715 cujus
751 2652 917 2702 thema
932 2653 1242 2717 aptissimum
1260 2653 1407 2704 fuisse
1432 2653 1567 2703 illius
1592 2656 1794 2721 ingenio

191 2749 351 2810 ipsum
372 2746 714 2809 argumentum
733 2746 976 2797 ostendit:
1012 2781 1041 2804 „
1054 2746 1143 2795 Vir
1158 2762 1365 2809 peregre
1374 2748 1641 2809 profectus
1658 2749 1797 2798 misit

192 2840 416 2890 nuntium
434 2855 484 2888 se
504 2840 793 2901 discessisse,
820 2856 948 2890 uxor
963 2856 1014 2889 se
1029 2842 1381 2904 praecipitavit
1388 2861 1405 2904 ,-
1426 2844 1797 2905 recreatajube-

192 2939 274 2981 tur
288 2949 319 2981 a
332 2936 481 2993 patre
497 2932 769 2994 relinquere
784 2933 972 2994 virum5
999 2948 1095 2982 non
1109 2934 1239 2994 vult,·
1256 2935 1561 2984 abdicatur“.
1598 2934 1796 2987 Ovidius

192 3042 219 3070 a
233 3026 371 3087 parte
384 3024 557 3087 generi
577 3024 784 3072 nimium
798 3025 950 3088 patris
963 3041 1179 3073 amorem
1196 3026 1424 3090 explicat,
1441 3043 1542 3076 non
1561 3027 1795 3089 patientis

192 3117 359 3176 alium,
395 3135 456 3165 ne
493 3118 725 3166 maritum
760 3119 973 3181 quidem,
1009 3119 1095 3178 ita,
1130 3121 1187 3167 ut
1214 3120 1390 3182 ipsum,
1426 3119 1488 3168 ab
1507 3118 1591 3182 illa
1613 3121 1792 3177 amari3
