2084 3664
974 305 1032 353 13

202 437 375 499 Itaque
395 435 544 484 aliud
578 433 822 496 quoddam
849 434 910 481 *in
943 434 1042 482 illis
1075 436 1252 484 litteris
1286 436 1356 484 ito
1402 435 1553 484 latere
1588 437 1808 485 statuen-

203 529 347 597 dum,
383 527 535 591 quod,
557 543 723 590 fquum
745 527 923 574 'statim
952 528 1267 590 perspicuum
1301 529 1380 588 sit,
1410 528 1561 592 quale
1586 528 1807 578 vocabu-

202 622 305 673 lum
339 620 596 684 explendo·
614 635 818 666 numero
838 620 902 667 -et
947 617 1227 667 efficiendae
1268 621 1597 669 concinnitati,
1620 621 1805 685 optime

203 714 462 770 inserviat,
508 729 608 760 non
649 713 737 759 ita.
759 711 962 759 difficile
996 714 1071 760 est
1104 713 1368 760 secundum
1402 715 1617 762 codicum
1653 716 1806 778 scrip-

204 821 310 852 ram
340 804 633 853 restituere.v
686 803 761 851 Et.
788 819 880 867 ego
916 804 1110 866 quidem
1143 804 1381 866 syllabam
1404 806 1472 853 ito
1496 805 1804 868 negligenter

204 913 244 943 a.
266 896 470 945 librario
504 896 797 960 descriptam
816 913 934 944 ‘esse
968 913 1057 960 pro
1091 898 1216 946 vieto
1246 897 1471 945 arbitror.
1541 896 1648 945 Hac
1673 899 1803 945 enim

205 990 309 1039 sola
342 989 683 1050 emendatione
717 991 767 1037 et
793 990 920 1038 ratio
951 989 1122 1037 habita
1148 992 1220 1038 est
1248 1006 1431 1048 eorum,
1468 1006 1593 1051 quae
1617 990 1805 1038 codices

204 1082 427 1140 tradunt,
462 1083 513 1130 et
545 1098 602 1130 ea
635 1098 758 1145 quae
791 1083 1002 1131 maxime
1036 1083 1336 1131 desideratur
1368 1098 1462 1130 vox
1495 1083 1547 1130 in
1583 1083 1802 1131 ordinem

206 1173 455 1237 recipitur.
523 1173 652 1223 Nam
678 1180 847 1237 'quum
894 1172 1157 1223 sextenties
1190 1175 1412 1238 singulae
1444 1174 1639 1222 litterae
1675 1176 1803 1223 exei-

206 1267 383 1314 de-runt
425 1266 480 1321 in
526 1265 603 1313 his
640 1265 781 1327 libris
814 1266 1004 1312 incuria
1038 1266 1333 1322 scribarum,
1379 1267 1486 1312 tum
1518 1266 1735 1312 litteram
1771 1282 1803 1312 u

209 1361 322 1405 aute
356 1358 376 1404 i
409 1357 551 1404 facile
598 1357 813 1419 potuisse
858 1358 1022 1404 omitti
1069 1358 1284 1405 ostendit
1327 1357 1626 1419 exemplum,
1676 1359 1803 1419 quod

205 1450 424 1499 videmus
449 1466 562 1513 pag.
590 1450 652 1498 80
686 1449 770 1497 lin.
796 1449 874 1508 22,
910 1449 995 1497 ubi
1029 1466 1208 1498 nomen
1231 1449 1403 1498 Fulvii
1435 1451 1663 1512 corrupte
1697 1467 1806 1512 per-

206 1542 441 1604 seriptum
475 1543 549 1590 est
581 1541 679 1603 fili5
725 1541 787 1588 ab
834 1541 928 1589 hac
973 1542 1127 1605 igitur
1173 1543 1311 1605 parte
1346 1558 1446 1589 non
1480 1541 1805 1604 improbanda

208 1636 281 1682 est
313 1635 365 1681 et
397 1632 536 1680 valde
570 1632 845 1680 verisimilis
878 1633 1169 1681 emendatio.
1236 1633 1340 1680 Iam
1375 1649 1489 1681 vero
1524 1635 1687 1681 mente
1715 1633 1807 1680 eir-

206 1726 598 1788 cumspiciamus,
622 1726 829 1786 -quanto
873 1725 1205 1787 praestantior
1243 1725 1421 1773 existat
1454 1726 1697 1773 sententia
1730 1725 1804 1781 iis,

207 1820 330 1881 quas
349 1817 433 1865 alii
458 1818 841 1880 proposuerunt:
876 1817 1006 1877 quod
1030 1832 1066 1865 a.
1093 1817 1274 1868 victore
1307 1817 1380 1865 nil
1413 1817 1658 1865 crudelius
1683 1831 1803 1877 pas-

206 1927 290 1961 sus
325 1915 438 1960 erat
477 1924 622 1971 quam
666 1909 795 1971 quod
836 1909 1049 1971 ejusdem
1087 1911 1318 1972 fortunae
1353 1924 1545 1970 compos
1578 1910 1702 1958 victo
1733 1911 1806 1971 fe-

208 2003 361 2052 cisset.
432 2001 511 2050 Ita
558 2001 718 2049 oratio
767 2016 944 2049 nervos
989 2004 1136 2063 atque
1181 2002 1372 2049 aculeos
1419 2001 1568 2050 habet
1608 2002 1803 2064 suisque

208 2094 421 2142 numeris
454 2093 650 2155 expleta
683 2091 852 2139 defluit
894 2092 1135 2154 simulque
1171 2108 1359 2140 summa
1393 2093 1521 2140 inest
1553 2094 1805 2141 concinni-

207 2189 304 2244 tas3
338 2202 453 2233 nam
485 2185 559 2232 uti
593 2184 742 2232 verba
776 2183 1054 2246 praedicata
1082 2200 1263 2245 passus
1297 2190 1404 2234 erat
1435 2188 1486 2233 et
1513 2187 1707 2248 fecisset
1729 2187 1805 2233 in-

207 2283 369 2328 tense
403 2279 735 2342 opporantur,
776 2276 846 2325 sic
878 2276 1171 2325 vocabulum
1201 2279 1327 2327 vieto
1361 2279 1573 2341 primum
1610 2280 1808 2343 opposi-

208 2372 422 2419 tum-est
458 2369 502 2417 ei
536 2369 667 2432 quod
700 2370 773 2416 est
817 2370 1017 2429 victore,
1062 2373 1168 2417 tum
1212 2387 1379 2418 rursus
1413 2371 1563 2430 eidem
1599 2371 1804 2430 notioni,

209 2480 334 2527 quae
368 2463 500 2510 inest
530 2462 584 2509 in
617 2461 778 2509 verbis
810 2462 1023 2522 ejusdem
1051 2463 1281 2523 fortunae
1314 2478 1520 2525 compos,

348 2646 575 2696 Ceterum
597 2646 716 2697 haec
738 2648 846 2711 ipsa
867 2646 1059 2696 dicendi
1085 2648 1228 2706 ratio,
1271 2664 1367 2710 qua
1395 2647 1586 2710 singula
1604 2647 1804 2696 enunci-

210 2739 281 2788 ati
313 2739 535 2788 membra
567 2754 657 2801 per
677 2738 978 2786 anthithesin
1015 2739 1109 2787 sibi
1144 2742 1478 2802 opponuntur,
1514 2740 1568 2786 in
1595 2737 1807 2787 Senecae

209 2832 440 2895 olim-ibus
483 2846 631 2893 quam
665 2831 887 2878 maxime
928 2830 1229 2879 observanda
1263 2832 1361 2888 est,
1414 2830 1807 2892 quandoquidem

210 2938 284 2971 ex-
311 2923 489 2971 intimo
526 2938 671 2971 -more
720 2924 772 2970 et
804 2922 959 2985 ipsius
1005 2923 1055 2970 et
1100 2922 1275 2971 aetatis
1321 2922 1454 2970 illius
1498 2920 1804 2985 profluxerit.

209 3013 347 3064 Natm-
408 3015 671 3078 praeeipue
729 3013 791 3061 ab
860 3014 980 3076 ipsis
1051 3013 1302 3062 rhetorum
1373 3013 1809 3062 declamationibus

211 3105 369 3154 sermo
403 3106 539 3154 illius
572 3104 812 3169 temporis
846 3105 1090 3168 originem
1124 3105 1278 3152 duxit.
