2084 3664
1043 291 1075 338 4

259 417 413 466 libros
447 418 679 491 dispersis
712 419 865 483 ipsius
898 415 1298 470 adnotationibus
1334 424 1384 471 et
1411 423 1464 471 in
1494 423 1771 487 prooemiis,
1807 424 1859 471 in

255 511 435 576 quibus
469 511 765 560 deformavit
800 513 1006 561 virtutes
1032 516 1180 576 atque
1204 515 1325 562 vitia
1347 516 1725 565 clarissimorum
1750 516 1861 564 rhe-

251 603 441 661 torum,
486 619 665 666 magna
700 620 760 651 ex
795 606 935 667 parte
969 605 1234 663 indicavit·;
1277 606 1327 653 et
1359 621 1509 668 quum
1545 607 1749 655 subtiles
1786 610 1860 654 at-

250 710 344 755 que
379 695 670 743 artificiosas
703 698 988 754 sententias,
1024 697 1201 759 quibus
1226 698 1521 745 constabant
1546 699 1860 747 declamatio-

249 802 351 842 nes,
388 786 653 849 diligenter
687 779 965 850 collegisset
1000 791 1051 835 et
1085 789 1224 850 quasi
1258 790 1309 835 in
1334 806 1431 837 uno
1457 793 1719 852 conspectu
1745 807 1859 852 pro-

249 878 504 940 posuisset,
540 879 669 927 clare
705 881 852 943 atque
887 880 1137 929 verissime
1161 882 1399 944 expressit
1419 881 1505 930 illa
1526 883 1702 941 studia,
1737 899 1857 945 quo-

247 987 357 1018 rum
392 971 659 1035 imaginem
696 973 865 1036 paucis
891 973 1157 1022 delineavit
1180 973 1470 1038 Spengelius
1498 974 1642 1038 (Acta
1664 974 1853 1033 Monac.

247 1063 362 1109 anni
400 1063 563 1126 1858).
1500 1116 1502 1118 ,
1531 1115 1533 1117 ,

377 1152 566 1200 Traditi
602 1156 718 1201 sunt
751 1153 806 1201 L.
841 1154 1035 1203 Annaei
1071 1154 1281 1203 Senecae
1327 1173 1453 1205 unus
1487 1157 1612 1229 liber
1645 1160 1855 1217 suasori-

245 1261 385 1292 arum
420 1251 470 1293 et
517 1247 733 1309 quinque
780 1247 1223 1305 controversiarum
1240 1285 1252 1308 ,
1299 1267 1451 1312 quum
1494 1250 1658 1304 decem
1704 1251 1854 1300 fuisse

245 1356 303 1386 ex
330 1339 548 1401 epitoma
578 1342 935 1404 cognoscimus,
973 1341 1220 1390 codicibus
1243 1342 1372 1391 haud
1398 1344 1469 1391 ita
1499 1344 1666 1398 multis
1694 1344 1851 1407 iisque

245 1431 454 1494 pessime
484 1432 783 1495 perscriptis,
821 1433 1121 1482 scatentibus
1140 1434 1274 1483 vitiis
1308 1437 1453 1498 atque
1484 1435 1687 1484 lacunis.
1754 1437 1856 1485 Ita-

242 1538 336 1584 que
372 1539 522 1585 quum
558 1523 822 1587 philologis
858 1540 1088 1588 magnam
1124 1525 1410 1574 facultatem
1446 1528 1742 1591 praeberent
1775 1546 1855 1586 ar-

242 1617 343 1661 tem
380 1615 601 1662 criticam
637 1617 909 1669 exercendi.
945 1618 1113 1664 tamen
1150 1620 1411 1680 postquam
1446 1635 1475 1666 a
1508 1618 1694 1682 Lipsio,
1730 1619 1854 1668 Gro-

242 1708 404 1765 novio,
440 1707 641 1754 Andrea
664 1706 888 1766 Schotto,
923 1707 1084 1756 Fabro
1121 1709 1385 1772 diligenter
1420 1727 1705 1774 summoque
1739 1729 1850 1760 cum

240 1799 573 1849 emolumento
608 1801 807 1848 tractati
841 1803 970 1859 sunt,
1005 1818 1094 1864 per
1127 1802 1330 1865 longum
1369 1804 1605 1866 temporis
1637 1805 1849 1868 spatium

241 1892 648 1955 negligebantur:
693 1896 891 1940 nostrae
937 1893 1131 1941 demum
1167 1896 1429 1943 memoriae
1464 1894 1688 1966 homines
1717 1897 1849 1945 docti

239 1984 292 2030 in
326 1984 642 2032 emendandis
676 1985 737 2032 iis
772 1987 918 2048 atque
953 1986 1267 2035 restituendis
1292 1989 1564 2036 versantur.
1612 1987 1849 2045 ,Quorum

239 2093 389 2139 opera
448 2078 566 2138 quid
611 2078 771 2131 adhuc
817 2079 1046 2127 effectum
1094 2082 1145 2126 et
1189 2080 1514 2129 constitutum
1561 2081 1652 2139 sit,
1684 2082 1850 2130 *liceat

240 2167 359 2215 mihi
395 2184 542 2230 quam
579 2170 885 2232 paucissimis
919 2186 1179 2233 exponere.
1629 2231 1631 2234 y

370 2258 444 2307 Ac
480 2260 666 2321 primus
699 2261 897 2322 quidem
931 2262 1063 2309 inter
1095 2265 1317 2311 recentes
1352 2262 1622 2312 Bursianus
1650 2267 1850 2328 ,paravit

241 2350 536 2407 editionem,
586 2367 711 2413 quae
757 2356 807 2399 et
856 2353 1009 2415 ipsius
1044 2354 1094 2401 et
1126 2353 1297 2402 Haasii
1332 2357 1384 2402 et
1418 2354 1580 2403 Iahnii
1616 2342 1858 2420 speciosis.

237 2441 623 2489 correctionibus
647 2445 823 2490 ornata
843 2445 942 2501 est;
979 2461 1148 2492 verum
1173 2447 1339 2493 tamen
1362 2462 1513 2509 quum
1539 2447 1677 2497 haud.
1692 2466 1848 2512 pauca

238 2535 481 2581 restarent
513 2536 600 2581 aut
632 2550 733 2582 non
767 2536 885 2584 satis
920 2539 1050 2585 recte
1087 2539 1174 2585 aut
1208 2539 1407 2601 omnino
1442 2541 1661 2589 nondum
1683 2558 1848 2596 emen—

236 2625 367 2683 data,
402 2625 670 2683 multorum
706 2627 818 2675 inde
858 2630 1082 2677 exortum
1116 2632 1191 2678 est
1224 2631 1277 2679 in
1312 2630 1402 2679 hos
1437 2632 1589 2682 libros
1614 2635 1844 2695 studium,

238 2715 490 2780 Spengelii
514 2718 565 2781 (l.
595 2718 657 2782 c.)
683 2718 900 2783 Hoefigii
934 2713 1119 2784 (progr.
1144 2721 1377 2781 Goerlitz.
1406 2725 1569 2788 1858),
1596 2726 1666 2783 A.
1682 2725 1845 2777 Kiess-

235 2806 382 2870 lingii
416 2806 561 2870 (Mus.
598 2808 754 2857 Rhen.
794 2809 941 2868 XV1;
990 2811 1224 2877 Beitrage
1243 2830 1358 2862 .z.ur.
1391 2813 1554 2878 Kritik
1603 2817 1698 2875 lat..
1716 2817 1847 2871 jPro-

237 2901 399 2949 saiker
448 2901 612 2964 1864).
687 2901 914 2951 Muelleri
958 2904 1103 2968 (Mus.
1150 2906 1306 2961 Rhen.
1355 2907 1486 2956 XXI.
1539 2909 1846 2974 ,zeitschrift

238 2992 317 3041 fiir
338 2991 638 3056 Gymnasien
662 2992 802 3041 Febr.
832 2995 994 3058 1868),
1025 2994 1284 3059 vKonitzeri
1311 2999 1444 3061 (diss.
1465 2998 1855 3068 Vratisl.⁷18*64;·

238 3099 407 3147 progr.
443 3085 648 3134 Vratisl.
688 3085 851 3149 1868),
887 3085 1250 3136 Wachsmuthii
1283 3090 1470 3155 (progr.
1506 3090 1652 3139 Posn.
1682 3092 1844 3155 1868).
