2084 3664
1049 348 1076 396 7

259 483 400 544 simii,
435 498 583 547 quam
616 495 810 545 semper
842 481 897 529 in
929 482 1049 530 locis
1081 480 1372 531 denotandis
1405 478 1616 544 sequar),
1650 479 1708 527 ut
1731 477 1857 527 Bur-

260 576 424 624 sianus
472 573 715 622 restituit:
765 573 903 634 Quod
948 588 1179 622 noveram
1224 575 1344 633 vici,
1407 588 1507 623 non
1554 569 1857 632 concupisco,

261 666 391 729 quod
438 666 612 716 nescio.
681 664 925 714 Videlicet
974 665 1136 729 ipsum
1179 664 1513 715 Alexandrum
1569 665 1858 729 loquentem

260 757 382 806 facit
413 757 583 806 rhetor
616 759 667 806 et
699 772 850 821 quum
883 757 1156 807 sententiae
1190 757 1294 820 ejus
1313 756 1445 805 inter
1467 772 1548 805 eas
1567 756 1858 815 referantur,

260 852 439 916 quibus
470 851 790 912 dissuadetur,
824 852 896 899 ita
928 867 1041 900 eum
1062 852 1506 914 interpretaturum
1527 851 1676 912 atque
1696 850 1858 897 verbis

260 944 564 991 versaturum
600 958 703 991 esse
737 941 1005 992 Alexandri
1054 942 1313 991 consilium
1366 942 1699 1005 exspectamus
1712 975 1724 997 ,
1760 955 1857 1002 quo

261 1034 346 1083 vel·
371 1033 578 1083 maxime
614 1034 898 1084 ostendatur
911 1070 923 1094 ,
966 1050 1113 1098 quam
1145 1035 1356 1083 immane
1390 1033 1456 1083 sit
1487 1035 1539 1082 et
1572 1048 1722 1097 supra
1754 1047 1860 1080 mo-

262 1128 378 1176 dum
411 1128 659 1176 excedens.
726 1126 900 1184 Qualia
934 1126 1203 1176 Bursianus
1237 1129 1288 1175 et
1320 1128 1509 1175 veteres
1543 1126 1752 1174 editores
1784 1141 1861 1172 re-

263 1223 498 1285 ceperunt
547 1221 695 1270 verba
709 1257 721 1280 ,
768 1237 870 1269 non
903 1221 1064 1272 solum
1095 1220 1234 1269 valde
1281 1219 1491 1268 debilem
1548 1219 1859 1276 sententiam,

263 1310 541 1361 sedetiam
588 1311 705 1359 huic
738 1311 845 1360 loco
881 1311 1081 1359 omnino
1116 1327 1217 1359 non
1257 1310 1483 1360 idoneam
1522 1309 1715 1360 efficere
1751 1326 1862 1374 per-

263 1404 484 1467 spicuum
532 1406 620 1451 est.
690 1402 842 1451 Estne
893 1403 1014 1451 haec
1060 1404 1214 1451 nimia
1259 1405 1406 1465 atque
1448 1403 1622 1450 insana
1668 1402 1863 1464 imperii

265 1495 509 1559 cupiditas
519 1495 803 1552 Alexandri,
840 1511 964 1557 quae
983 1495 1387 1559 reprehenditur?
1421 1498 1558 1543 estne
1582 1495 1635 1542 in
1657 1494 1736 1542 his
1757 1510 1864 1542 ver-

265 1587 340 1635 bis
373 1586 476 1635 ulla
507 1588 627 1635 nota
660 1586 851 1650 ingenii
885 1587 1142 1635 insolentis
1157 1623 1168 1645 ,
1216 1587 1347 1649 quod
1390 1588 1693 1650 acquiescere
1728 1603 1779 1635 se
1811 1587 1864 1634 in

263 1679 402 1727 nulla
433 1695 487 1728 re
522 1678 676 1726 sinit?
741 1677 898 1726 Immo
932 1693 1047 1726 vero
1083 1678 1275 1725 animus
1309 1678 1750 1736 moderatissimus,
1802 1678 1865 1726 ad

264 1788 408 1835 quem
441 1770 763 1819 coercendum
806 1786 907 1817 non
943 1785 1066 1833 opus
1114 1772 1221 1817 erat
1271 1771 1529 1819 sententiis
1563 1772 1613 1818 et
1647 1770 1862 1835 descrip-

265 1864 510 1923 tionibus,
559 1863 738 1927 quibus
773 1863 1007 1911 deterreri
1052 1865 1217 1927 posset
1265 1863 1414 1912 nimis
1449 1864 1620 1913 audax.
1688 1864 1863 1929 Itaque

266 1972 459 2006 necesse
490 1959 566 2004 est
590 1955 887 2019 comparatis
920 1955 996 2015 iis,
1033 1971 1157 2018 quae
1191 1956 1244 2003 in
1273 1955 1522 2004 codicibus
1555 1955 1862 2015 exhibentur,

263 2050 377 2099 inde
412 2049 728 2111 conjiciamus
748 2048 996 2110 integram
1016 2048 1325 2111 scripturam.
1394 2047 1501 2095 Iam
1519 2064 1635 2096 vero
1665 2049 1862 2110 negatio

263 2155 361 2190 non
395 2139 595 2188 omnino
629 2154 732 2186 non
766 2138 895 2185 clare
929 2138 1201 2200 perscripta
1233 2139 1329 2195 est,
1382 2138 1466 2186 sed
1511 2138 1696 2201 legitur
1728 2154 1860 2197 mem,

264 2231 394 2296 quod
427 2230 646 2294 quamvis
678 2229 958 2293 saepissime
994 2244 1084 2293 pro
1118 2230 1385 2293 negatione
1413 2230 1468 2277 in
1496 2230 1746 2279 codicibus
1780 2231 1859 2287 sit,

264 2324 347 2371 hic
379 2324 547 2371 tamen
581 2321 716 2369 haud
748 2321 931 2384 majore
965 2320 1239 2369 mutatione
1274 2321 1477 2370 obscure
1500 2321 1732 2387 scriptum
1760 2339 1862 2372 esse

263 2434 354 2483 pro
379 2432 517 2467 *nunc
550 2414 842 2464 censendum
875 2417 964 2473 est,
1000 2418 1058 2462 ut
1089 2414 1209 2462 haec
1237 2415 1340 2477 jam
1365 2416 1566 2464 exsistat
1591 2418 1860 2466 sententia:

400 2509 538 2569 Quod
566 2522 796 2555 noveram
839 2507 962 2565 vici,
1007 2521 1136 2555 nunc
1171 2508 1479 2570 concupisce,
1527 2510 1657 2569 quod
1688 2511 1862 2559 nescio,

266 2600 491 2650 Ceterum
522 2617 585 2647 ne
620 2599 731 2662 quis
764 2599 1036 2662 suspicetur
1069 2614 1146 2647 me
1178 2599 1231 2646 in
1264 2598 1356 2647 hac
1390 2617 1442 2648 re
1483 2617 1585 2649 non
1618 2603 1736 2650 satis
1770 2604 1864 2651 cir-

264 2694 543 2757 cumspecte
566 2690 856 2755 processisse
886 2706 1045 2752 neque
1066 2705 1266 2754 prorsus
1288 2707 1413 2754 opus
1434 2708 1538 2740 esse
1573 2692 1664 2741 hac
1698 2711 1864 2744 emen-

267 2787 482 2844 datione,
518 2785 667 2834 etiam
701 2785 1041 2847 argumentum
1074 2783 1232 2832 afferii
1266 2786 1452 2847 potest,
1488 2801 1586 2848 quo
1600 2822 1612 2845 ‚
1647 2787 1699 2836 id
1733 2790 1863 2851 quod

267 2879 321 2926 in
354 2876 660 2941 paucissimis
693 2874 984 2938 conjecturis
1017 2874 1209 2922 efficere
1255 2890 1531 2937 possumus,
1581 2879 1653 2926 ita
1687 2881 1863 2928 confir-

267 2972 444 3030 matur,
479 2971 537 3018 ut
570 2986 632 3018 ne
666 2968 910 3019 dubitatio
944 2968 1139 3032 quidem
1159 2969 1261 3017 ulla
1283 2970 1492 3020 residere
1515 2974 1676 3034 queat.
1744 2972 1861 3022 Ete-

267 3065 371 3113 nim
404 3078 515 3112 cum
539 3061 761 3110 Marillus
782 3061 956 3132 rhetor
975 3061 1143 3110 eodem
1166 3061 1312 3109 modo
1346 3063 1507 3127 ipsum
1528 3063 1861 3114 Alexandrum

268 3153 509 3203 dicentem
552 3153 696 3212 facit,
743 3152 1037 3201 sententiam
1086 3151 1382 3201 simillimam
1429 3155 1634 3217 legimus
1677 3156 1739 3204 ab
1775 3157 1861 3204 illo
