2084 3664
1037 303 1097 350 12

261 425 470 485 possim,
517 428 577 476 ad
619 447 812 487 sensum
846 433 1076 495 pertinet.
1145 435 1365 486 Primum
1381 440 1693 502 :significatio
1709 453 1869 493 ⁴*focae-'z

260 513 365 562 buli
401 532 595 579 compos
626 524 701 575 est
727 522 921 581 mediae
957 539 1082 588 quae
1117 528 1321 579 vocatur
1357 529 1497 586 Noai&
1536 533 1593 583 ⁴et
1629 530 1723 582 hoc
1747 531 1868 587 loco,

258 605 399 654 istius
433 610 629 671 quidem
663 613 715 661 in
750 615 930 671 malam
961 620 1154 680 *parte-m
1189 620 1515 683 accipiendae,
1544 624 1696 677 sicuti
1714 624 1867 677 etiam

258 698 388 757 quod
422 702 667 751 antecedit
700 708 1005 766 vocabulum,
1036 710 1304 769 fortunae«
1341 711 1443 764 -Hic
1477 728 1595 761 usus
1617 715 1747 776 aspud
1774 730 1863 762 an·-

255 788 419 851 tiquos
434 828 445 850 ,
486 795 617 857 apud
652 796 879 849 Plautum
932 800 1196 864 praecipue
1228 803 1468 865 reperitur
1501 820 1661 867 neque
1689 809 1860 856 tamen

254 877 437 928 idcirco
470 884 598 946 apud
623 884 858 935 Senecam
882 890 1860 959 reprehendendus,>quum‘haudpauca

253 989 312 1020 ex
346 978 541 1039 scriptis
575 981 845 1043 priscorum
889 985 956 1038 in¹
984 986 1136 1037 libros
1181 990 1565 1052 suos-recepisse
1601 990 1771 1052 postea
1803 990 1859 1037 in·

253 1064 345 1114 hac
379 1068 712 1132 disputatione
759 1090 1043 1137 exponam·
1086 1077 1331 1128 Ceterum·
1359 1082 1642 1143 quaeritur,
1689 1082 1737 1129 'si
1762 1083 1858 1130 “ita

250 1160 400 1206 verba
432 1161 774 1226 intelligimus,
810 1183 909 1229 quo
944 1168 1252 1225 referendum
1287 1172 1356 1225 sit
1370 1173 1581 1234 ejusdem
1604 1172 1854 1230 fortunae,

250 1267 362 1297 nam
399 1269 551 1314 quum
586 1255 855 1319 significari
888 1260 1066 1308 debeat
1092 1261 1197 1324 ejus
1218 1262 1434 1322 fortuna,
1469 1264 1553 1326 qui
1584 1265 1853 1322 vietusxese

248 1344 510 1405 Ciceronis,
547 1365 645 1396 non
682 1352 742 1399 ad
777 1354 965 1400 certum
1001 1356 1203 1407 verbum
1238 1358 1590 1418 pertinet5-sed
1616 1359 1853 1411 cxtotius

247 1435 437 1497 periodi
470 1442 762 1501 argumento
797 1442 1185 1495 concludendum
1221 1450 1322 1504 est,
1341 1458 1348 1463 ·’
1373 1447 1503 1510 quod
1551 1459 1851 1512 quamquam

245 1543 306 1574 ne
352 1528 513 1591 ipsum
548 1532 744 1593 quidem
779 1535 979 1583 omnino
1014 1537 1222 1589 refutari
1267 1539 1456 1600 potest,
1510 1541 1677 1589 tamen
1703 1541 1851 1589 ante-

245 1623 523 1683 ponendam
558 1641 661 1673 esse
695 1627 846 1675 talem
892 1629 1209 1693 scripturam,
1261 1644 1386 1695 qua·
1406 1633 1528 1682 illud
1579 1650 1850 1697 pronomen

241 1715 303 1762 ad
338 1732 441 1764 rem
478 1719 622 1766 certis
667 1721 830 1768 verbis
872 1722 1137 1770 indicatam
1190 1724 1452 1785 referatur,
1506 1743 1675 1775 omnes
1697 1761 1700 1763 -
1720 1728 1844 1794 -m-‘ihsi

241 1808 525 1857 concedent.
585 1809 740 1874 Magis
762 1814 992 1877 congruit
1011 1831 1121 1863 cum
1139 1816 1363 1868 codicum
1381 1819 1599 1880 vestigiis
1615 1820 1680 1878 id,
1715 1821 1845 1883 quod

239 1897 453 1947 Haasius
487 1903 761 1965 proposuit,
798 1919 990 1966 compos
1022 1907 1133 1954 item
1166 1907 1280 1970 (hoc
1314 1909 1478 1962 estoit&
1502 1926 1591 1972 pro
1612 1911 1727 1974 ito),
1762 1913 1844 1961 sed

239 2008 300 2038 ne
336 1993 407 2039 ita
443 1994 640 2055 quidem
673 1995 906 2044 Senecam
942 1999 1189 2061 scripsisse
1223 2002 1279 2047 ut
1313 2017 1595 2068 persuasum
1637 2003 1843 2053 habeam

237 2083 500 2147 impetrare
534 2102 564 2132 a
596 2103 673 2134 me
692 2104 930 2150 possum,
979 2106 1276 2153 quamquam
1310 2092 1401 2144 hac
1434 2095 1673 2158 scriptura
1704 2113 1844 2146 voca-

237 2176 406 2225 bulum
449 2193 643 2239 compos
693 2181 926 2228 usitatam
977 2183 1233 2232 notionem
1281 2186 1463 2239 retinet
1495 2189 1547 2235 et
1579 2189 1839 2241 verborum

233 2270 446 2330 ejusdem
476 2272 708 2333 fortunae
743 2290 868 2336 quae
903 2275 968 2322 sit
1002 2276 1139 2325 notio
1174 2293 1247 2335 eo,
1282 2279 1414 2340 quod
1448 2282 1705 2339 antecedit,
1741 2284 1849 2344 vic-v

233 2367 356 2423 tore,
405 2364 524 2412 satis
570 2363 858 2414 illustratur.
928 2367 1058 2421 Nam
1094 2386 1245 2432 quum
1284 2373 1606 2426 enunciatu‘m‘
1649 2375 1718 2423 ita
1773 2378 1848 2425 sit·

228 2454 609 2504 conformatum:
642 2460 715 2507 m'l
748 2459 994 2509 crudelius
1021 2468 1334 2523 passus-est,
1371 2480 1516 2525 quam
1550 2467 1693 2526 quod.
1709 2467 1848 2528 ejus-2

228 2549 332 2597 dem
353 2551 584 2610 fortunae
603 2566 794 2612 compos
815 2553 927 2604 item
949 2555 1154 2614 fecisset,
1191 2555 1476 2606 adverbium
1498 2559 1611 2607 item
1637 2570 1835 2622 prorsus

227 2660 645 2708 supervacaneum
681 2661 783 2693 esse
818 2645 1029 2708 quilibet
1066 2649 1346 2711 cognoscit,
1370 2650 1624 2713 'ejusmodi
1668 2655 1834 2703 autem

226 2736 475 2794 vocabula,
512 2737 675 2785 minus
708 2739 1005 2797 necessaria,
1040 2740 1409 2803 negligentioris
1443 2744 1591 2805 atque
1626 2744 1845 2793 laxatio-1

225 2828 307 2885 ris,
345 2830 462 2875 sunt
486 2830 723 2877 sermonis
757 2831 963 2893 ideoque
995 2831 1269 2895 infringunt
1301 2835 1827 2898 vigoremsententiae.

224 2917 293 2965 At
339 2933 454 2967 vero
502 2918 594 2967 hoc
638 2919 745 2983 ipso
794 2922 932 2980 loco,
983 2938 1133 2985 quum
1169 2924 1220 2971 in
1257 2927 1476 2975 extremo
1511 2929 1729 2977 membro
1764 2930 1829 2980 sit

222 3013 477 3074 amplioris
528 3013 788 3061 verborum
836 3015 1091 3076 circuitus,
1149 3034 1363 3071 summos
1395 3020 1522 3068 ictus
1556 3022 1828 3078 sententiae

220 3122 323 3153 esse
347 3107 397 3153 et
419 3123 677 3156 numerose
697 3109 844 3170 atque
865 3110 1104 3159 concinne
1127 3112 1398 3161 orationem
1423 3113 1593 3162 cadere
1618 3117 1825 3178 oportet.
