<?xml version="1.0" encoding="UTF-8"?>
<!DOCTYPE html PUBLIC "-//W3C//DTD XHTML 1.0 Transitional//EN"
    "http://www.w3.org/TR/xhtml1/DTD/xhtml1-transitional.dtd">
<html xmlns="http://www.w3.org/1999/xhtml" xml:lang="en" lang="en">
 <head>
  <title>
</title>
<meta http-equiv="Content-Type" content="text/html;charset=utf-8" />
  <meta name='ocr-system' content='tesseract 3.04.00' />
  <meta name='ocr-capabilities' content='ocr_page ocr_carea ocr_par ocr_line ocrx_word'/>
</head>
<body>
  <div class='ocr_page' id='page_1' title='image "4737167_0021.png"; bbox 0 0 2084 3664; ppageno 0'>
   <div class='ocr_carea' id='block_1_1' title="bbox 982 341 1042 390">
    <p class='ocr_par' dir='ltr' id='par_1_1' title="bbox 982 341 1042 390">
     <span class='ocr_line' id='line_1_1' title="bbox 982 341 1042 390; baseline 0 0"><span class='ocrx_word' id='word_1_1' title='bbox 982 341 1042 390; x_wconf 88' lang='grc'>15</span> 
     </span>
    </p>
   </div>
   <div class='ocr_carea' id='block_1_2' title="bbox 215 471 1888 3210">
    <p class='ocr_par' dir='ltr' id='par_1_2' title="bbox 215 471 1823 2472">
     <span class='ocr_line' id='line_1_2' title="bbox 218 471 1815 537; baseline -0.001 -15"><span class='ocrx_word' id='word_1_2' title='bbox 218 473 371 537; x_wconf 82' lang='lat' dir='ltr'>praef.</span> <span class='ocrx_word' id='word_1_3' title='bbox 407 488 520 537; x_wconf 86' lang='lat' dir='ltr'><strong>pag.</strong></span> <span class='ocrx_word' id='word_1_4' title='bbox 556 471 691 521; x_wconf 87' lang='lat' dir='ltr'>XIV.</span> <span class='ocrx_word' id='word_1_5' title='bbox 727 471 957 520; x_wconf 83' lang='lat' dir='ltr'>omnibus</span> <span class='ocrx_word' id='word_1_6' title='bbox 984 472 1106 531; x_wconf 80' lang='lat' dir='ltr'>illis,</span> <span class='ocrx_word' id='word_1_7' title='bbox 1156 474 1336 537; x_wconf 89' lang='lat' dir='ltr'>quibus</span> <span class='ocrx_word' id='word_1_8' title='bbox 1376 489 1406 521; x_wconf 86' lang='lat' dir='ltr'>a</span> <span class='ocrx_word' id='word_1_9' title='bbox 1440 472 1578 522; x_wconf 85' lang='lat' dir='ltr'><strong>codd.</strong></span> <span class='ocrx_word' id='word_1_10' title='bbox 1613 472 1656 520; x_wconf 88' lang='lat' dir='ltr'>A</span> <span class='ocrx_word' id='word_1_11' title='bbox 1690 474 1739 521; x_wconf 89' lang='lat' dir='ltr'>et</span> <span class='ocrx_word' id='word_1_12' title='bbox 1773 472 1815 520; x_wconf 94' lang='lat' dir='ltr'>B</span> 
     </span>
     <span class='ocr_line' id='line_1_3' title="bbox 217 556 1821 627; baseline -0.002 -11"><span class='ocrx_word' id='word_1_13' title='bbox 217 566 394 616; x_wconf 79' lang='lat' dir='ltr'>differt·</span> <span class='ocrx_word' id='word_1_14' title='bbox 414 556 709 613; x_wconf 87' lang='lat' dir='ltr'>lectionibus</span> <span class='ocrx_word' id='word_1_15' title='bbox 754 579 855 612; x_wconf 92' lang='lat' dir='ltr'>non</span> <span class='ocrx_word' id='word_1_16' title='bbox 887 564 1124 627; x_wconf 85' lang='lat' dir='ltr'>majorem</span> <span class='ocrx_word' id='word_1_17' title='bbox 1171 566 1483 615; x_wconf 74' lang='lat' dir='ltr'>tribuendam</span> <span class='ocrx_word' id='word_1_18' title='bbox 1516 581 1621 614; x_wconf 88' lang='lat' dir='ltr'>esse</span> <span class='ocrx_word' id='word_1_19' title='bbox 1654 569 1821 613; x_wconf 85' lang='lat' dir='ltr'>aucto-</span> 
     </span>
     <span class='ocr_line' id='line_1_4' title="bbox 217 657 1818 723; baseline -0.001 -16"><span class='ocrx_word' id='word_1_20' title='bbox 217 659 416 707; x_wconf 86' lang='lat' dir='ltr'>ritatem</span> <span class='ocrx_word' id='word_1_21' title='bbox 470 669 618 720; x_wconf 86' lang='lat' dir='ltr'>quam</span> <span class='ocrx_word' id='word_1_22' title='bbox 676 657 971 720; x_wconf 85' lang='lat' dir='ltr'>conjecturis</span> <span class='ocrx_word' id='word_1_23' title='bbox 1027 658 1383 706; x_wconf 85' lang='lat' dir='ltr'>recentioribus</span> <span class='ocrx_word' id='word_1_24' title='bbox 1431 658 1740 723; x_wconf 74' lang='lat' dir='ltr'><strong>temporibus</strong></span> <span class='ocrx_word' id='word_1_25' title='bbox 1788 675 1818 705; x_wconf 88' lang='lat' dir='ltr'>a</span> 
     </span>
     <span class='ocr_line' id='line_1_5' title="bbox 215 749 1819 814; baseline 0 -14"><span class='ocrx_word' id='word_1_26' title='bbox 215 750 334 800; x_wconf 84' lang='lat' dir='ltr'>viris</span> <span class='ocrx_word' id='word_1_27' title='bbox 378 749 537 799; x_wconf 86' lang='lat' dir='ltr'>doctis</span> <span class='ocrx_word' id='word_1_28' title='bbox 580 749 723 799; x_wconf 80' lang='lat' dir='ltr'>factis</span> <span class='ocrx_word' id='word_1_29' title='bbox 761 749 963 813; x_wconf 88' lang='lat' dir='ltr'>judicat.</span> <span class='ocrx_word' id='word_1_30' title='bbox 1046 749 1150 798; x_wconf 88' lang='lat' dir='ltr'>Iam</span> <span class='ocrx_word' id='word_1_31' title='bbox 1191 766 1305 799; x_wconf 85' lang='lat' dir='ltr'>vero</span> <span class='ocrx_word' id='word_1_32' title='bbox 1352 766 1499 814; x_wconf 87' lang='lat' dir='ltr'>quam</span> <span class='ocrx_word' id='word_1_33' title='bbox 1551 751 1819 800; x_wconf 72' lang='lat' dir='ltr'>infeliciter</span> 
     </span>
     <span class='ocr_line' id='line_1_6' title="bbox 215 843 1817 908; baseline -0.001 -14"><span class='ocrx_word' id='word_1_34' title='bbox 215 844 461 894; x_wconf 88' lang='lat' dir='ltr'>interdum</span> <span class='ocrx_word' id='word_1_35' title='bbox 501 844 636 893; x_wconf 85' lang='lat' dir='ltr'>illius</span> <span class='ocrx_word' id='word_1_36' title='bbox 667 843 977 907; x_wconf 85' lang='lat' dir='ltr'>conjecturae</span> <span class='ocrx_word' id='word_1_37' title='bbox 1012 843 1174 893; x_wconf 87' lang='lat' dir='ltr'>factae</span> <span class='ocrx_word' id='word_1_38' title='bbox 1208 844 1308 892; x_wconf 86' lang='lat' dir='ltr'>sint</span> <span class='ocrx_word' id='word_1_39' title='bbox 1321 881 1333 902; x_wconf 85' lang='lat'>‚</span> <span class='ocrx_word' id='word_1_40' title='bbox 1386 845 1556 908; x_wconf 82' lang='lat' dir='ltr'>colligi</span> <span class='ocrx_word' id='word_1_41' title='bbox 1602 845 1720 893; x_wconf 87' lang='lat' dir='ltr'>licet</span> <span class='ocrx_word' id='word_1_42' title='bbox 1759 862 1817 893; x_wconf 88' lang='lat' dir='ltr'>ex</span> 
     </span>
     <span class='ocr_line' id='line_1_7' title="bbox 219 934 1818 1001; baseline 0.001 -16"><span class='ocrx_word' id='word_1_43' title='bbox 219 935 473 985; x_wconf 77' lang='lat' dir='ltr'>nonnullis</span> <span class='ocrx_word' id='word_1_44' title='bbox 503 934 640 995; x_wconf 87' lang='lat' dir='ltr'>locis,</span> <span class='ocrx_word' id='word_1_45' title='bbox 676 950 788 1001; x_wconf 85' lang='lat' dir='ltr'><strong>pag.</strong></span> <span class='ocrx_word' id='word_1_46' title='bbox 814 935 844 984; x_wconf 88' lang='lat'>9</span> <span class='ocrx_word' id='word_1_47' title='bbox 880 935 910 984; x_wconf 87' lang='lat'>5</span> <span class='ocrx_word' id='word_1_48' title='bbox 945 935 1000 984; x_wconf 92' lang='lat' dir='ltr'>in</span> <span class='ocrx_word' id='word_1_49' title='bbox 1035 934 1254 985; x_wconf 88' lang='lat' dir='ltr'>themate</span> <span class='ocrx_word' id='word_1_50' title='bbox 1288 936 1532 985; x_wconf 82' lang='lat' dir='ltr'>suasoriae</span> <span class='ocrx_word' id='word_1_51' title='bbox 1569 936 1818 996; x_wconf 82' lang='lat' dir='ltr'>secundae,</span> 
     </span>
     <span class='ocr_line' id='line_1_8' title="bbox 218 1027 1816 1092; baseline 0.001 -17"><span class='ocrx_word' id='word_1_52' title='bbox 218 1044 369 1092; x_wconf 89' lang='lat' dir='ltr'>quum</span> <span class='ocrx_word' id='word_1_53' title='bbox 405 1028 525 1077; x_wconf 88' lang='lat' dir='ltr'>false</span> <span class='ocrx_word' id='word_1_54' title='bbox 560 1028 797 1092; x_wconf 89' lang='lat' dir='ltr'>scriptum</span> <span class='ocrx_word' id='word_1_55' title='bbox 841 1029 917 1076; x_wconf 85' lang='lat' dir='ltr'>est</span> <span class='ocrx_word' id='word_1_56' title='bbox 949 1027 1002 1076; x_wconf 94' lang='lat' dir='ltr'>in</span> <span class='ocrx_word' id='word_1_57' title='bbox 1037 1028 1213 1076; x_wconf 87' lang='lat' dir='ltr'>ceteris</span> <span class='ocrx_word' id='word_1_58' title='bbox 1243 1027 1400 1076; x_wconf 88' lang='lat' dir='ltr'>codd:</span> <span class='ocrx_word' id='word_1_59' title='bbox 1455 1043 1566 1076; x_wconf 92' lang='lat' dir='ltr'>cum</span> <span class='ocrx_word' id='word_1_60' title='bbox 1602 1028 1816 1086; x_wconf 76' lang='lat' dir='ltr'>trecenti,</span> 
     </span>
     <span class='ocr_line' id='line_1_9' title="bbox 216 1120 1817 1178; baseline 0 -9"><span class='ocrx_word' id='word_1_61' title='bbox 216 1122 272 1169; x_wconf 92' lang='lat' dir='ltr'>in</span> <span class='ocrx_word' id='word_1_62' title='bbox 303 1120 409 1170; x_wconf 90' lang='lat' dir='ltr'>cod.</span> <span class='ocrx_word' id='word_1_63' title='bbox 443 1120 494 1169; x_wconf 83' lang='lat' dir='ltr'>C.</span> <span class='ocrx_word' id='word_1_64' title='bbox 531 1120 789 1169; x_wconf 76' lang='lat' dir='ltr'>exhibetur</span> <span class='ocrx_word' id='word_1_65' title='bbox 826 1122 1090 1178; x_wconf 73' lang='lat' dir='ltr'>Troezeni,</span> <span class='ocrx_word' id='word_1_66' title='bbox 1125 1122 1211 1168; x_wconf 90' lang='lat' dir='ltr'>ubi</span> <span class='ocrx_word' id='word_1_67' title='bbox 1244 1122 1514 1169; x_wconf 86' lang='lat' dir='ltr'>rectissime</span> <span class='ocrx_word' id='word_1_68' title='bbox 1546 1121 1817 1169; x_wconf 86' lang='lat' dir='ltr'>Bursianus</span> 
     </span>
     <span class='ocr_line' id='line_1_10' title="bbox 219 1212 1821 1278; baseline 0.001 -16"><span class='ocrx_word' id='word_1_69' title='bbox 219 1213 416 1278; x_wconf 84' lang='lat' dir='ltr'>scripsit</span> <span class='ocrx_word' id='word_1_70' title='bbox 448 1214 628 1264; x_wconf 72' lang='lat' dir='ltr'>treceni</span> <span class='ocrx_word' id='word_1_71' title='bbox 662 1215 714 1261; x_wconf 89' lang='lat' dir='ltr'>et</span> <span class='ocrx_word' id='word_1_72' title='bbox 747 1213 809 1262; x_wconf 88' lang='lat' dir='ltr'>ad</span> <span class='ocrx_word' id='word_1_73' title='bbox 842 1213 983 1261; x_wconf 85' lang='lat' dir='ltr'>illum</span> <span class='ocrx_word' id='word_1_74' title='bbox 1034 1212 1197 1261; x_wconf 90' lang='lat' dir='ltr'>locum</span> <span class='ocrx_word' id='word_1_75' title='bbox 1231 1213 1506 1262; x_wconf 85' lang='lat' dir='ltr'>adnotavit:</span> <span class='ocrx_word' id='word_1_76' title='bbox 1557 1230 1699 1273; x_wconf 85' lang='lat' dir='ltr'>„cum</span> <span class='ocrx_word' id='word_1_77' title='bbox 1734 1230 1821 1278; x_wconf 90' lang='lat' dir='ltr'>per</span> 
     </span>
     <span class='ocr_line' id='line_1_11' title="bbox 218 1304 1819 1368; baseline 0.002 -16"><span class='ocrx_word' id='word_1_78' title='bbox 218 1307 377 1354; x_wconf 87' lang='lat' dir='ltr'>totam</span> <span class='ocrx_word' id='word_1_79' title='bbox 420 1305 688 1353; x_wconf 84' lang='lat' dir='ltr'>suasoriam</span> <span class='ocrx_word' id='word_1_80' title='bbox 721 1319 913 1366; x_wconf 89' lang='lat' dir='ltr'>semper</span> <span class='ocrx_word' id='word_1_81' title='bbox 957 1304 1016 1352; x_wconf 91' lang='lat' dir='ltr'>de</span> <span class='ocrx_word' id='word_1_82' title='bbox 1063 1304 1276 1352; x_wconf 84' lang='lat' dir='ltr'>trecenis</span> <span class='ocrx_word' id='word_1_83' title='bbox 1325 1319 1482 1353; x_wconf 87' lang='lat' dir='ltr'>sermo</span> <span class='ocrx_word' id='word_1_84' title='bbox 1516 1305 1606 1352; x_wconf 88' lang='lat' dir='ltr'>fiat</span> <span class='ocrx_word' id='word_1_85' title='bbox 1641 1307 1819 1368; x_wconf 87' lang='lat' dir='ltr'>quibus</span> 
     </span>
     <span class='ocr_line' id='line_1_12' title="bbox 219 1394 1819 1461; baseline -0.001 -16"><span class='ocrx_word' id='word_1_86' title='bbox 219 1397 385 1461; x_wconf 86' lang='lat' dir='ltr'>inepte</span> <span class='ocrx_word' id='word_1_87' title='bbox 419 1398 662 1445; x_wconf 88' lang='lat' dir='ltr'>corrector</span> <span class='ocrx_word' id='word_1_88' title='bbox 695 1396 799 1444; x_wconf 91' lang='lat' dir='ltr'>cod.</span> <span class='ocrx_word' id='word_1_89' title='bbox 848 1394 885 1444; x_wconf 82' lang='lat' dir='ltr'>G</span> <span class='ocrx_word' id='word_1_90' title='bbox 920 1397 971 1444; x_wconf 89' lang='lat' dir='ltr'>et</span> <span class='ocrx_word' id='word_1_91' title='bbox 1005 1395 1216 1444; x_wconf 86' lang='lat' dir='ltr'>editores</span> <span class='ocrx_word' id='word_1_92' title='bbox 1250 1394 1541 1454; x_wconf 77' lang='lat' dir='ltr'>Troezenos,</span> <span class='ocrx_word' id='word_1_93' title='bbox 1578 1396 1663 1458; x_wconf 90' lang='lat' dir='ltr'>qui</span> <span class='ocrx_word' id='word_1_94' title='bbox 1694 1397 1819 1444; x_wconf 92' lang='lat' dir='ltr'>nulli</span> 
     </span>
     <span class='ocr_line' id='line_1_13' title="bbox 220 1485 1823 1551; baseline -0.001 -14"><span class='ocrx_word' id='word_1_95' title='bbox 220 1490 351 1548; x_wconf 87' lang='lat' dir='ltr'>sunt,</span> <span class='ocrx_word' id='word_1_96' title='bbox 385 1488 713 1537; x_wconf 84' lang='lat' dir='ltr'>substituere“</span> <span class='ocrx_word' id='word_1_97' title='bbox 759 1503 859 1551; x_wconf 89' lang='lat' dir='ltr'>eqs.</span> <span class='ocrx_word' id='word_1_98' title='bbox 928 1486 1097 1536; x_wconf 88' lang='lat' dir='ltr'>Alium</span> <span class='ocrx_word' id='word_1_99' title='bbox 1138 1486 1298 1535; x_wconf 91' lang='lat' dir='ltr'>locum</span> <span class='ocrx_word' id='word_1_100' title='bbox 1331 1485 1656 1551; x_wconf 88' lang='lat' dir='ltr'>Kiesslingius</span> <span class='ocrx_word' id='word_1_101' title='bbox 1690 1486 1823 1550; x_wconf 90' lang='lat' dir='ltr'>(Bei-</span> 
     </span>
     <span class='ocr_line' id='line_1_14' title="bbox 218 1579 1821 1646; baseline 0 -17"><span class='ocrx_word' id='word_1_102' title='bbox 218 1580 384 1646; x_wconf 74' lang='lat' dir='ltr'>triige)</span> <span class='ocrx_word' id='word_1_103' title='bbox 416 1581 650 1629; x_wconf 84' lang='lat' dir='ltr'>tractavit</span> <span class='ocrx_word' id='word_1_104' title='bbox 663 1616 675 1640; x_wconf 90' lang='lat'>‚</span> <span class='ocrx_word' id='word_1_105' title='bbox 720 1579 807 1628; x_wconf 90' lang='lat' dir='ltr'>ubi</span> <span class='ocrx_word' id='word_1_106' title='bbox 842 1579 1113 1627; x_wconf 89' lang='lat' dir='ltr'>Bursianus</span> <span class='ocrx_word' id='word_1_107' title='bbox 1146 1579 1498 1628; x_wconf 86' lang='lat' dir='ltr'>correctionem</span> <span class='ocrx_word' id='word_1_108' title='bbox 1532 1580 1636 1628; x_wconf 91' lang='lat' dir='ltr'>cod.</span> <span class='ocrx_word' id='word_1_109' title='bbox 1673 1579 1710 1628; x_wconf 80' lang='lat' dir='ltr'>O</span> <span class='ocrx_word' id='word_1_110' title='bbox 1745 1597 1821 1629; x_wconf 89' lang='lat' dir='ltr'>re-</span> 
     </span>
     <span class='ocr_line' id='line_1_15' title="bbox 222 1670 1822 1737; baseline 0.001 -16"><span class='ocrx_word' id='word_1_111' title='bbox 222 1673 376 1737; x_wconf 82' lang='lat' dir='ltr'>cepit3</span> <span class='ocrx_word' id='word_1_112' title='bbox 422 1673 476 1720; x_wconf 93' lang='lat' dir='ltr'>in</span> <span class='ocrx_word' id='word_1_113' title='bbox 522 1689 620 1736; x_wconf 88' lang='lat' dir='ltr'>quo</span> <span class='ocrx_word' id='word_1_114' title='bbox 667 1670 787 1721; x_wconf 86' lang='lat' dir='ltr'>haec</span> <span class='ocrx_word' id='word_1_115' title='bbox 831 1671 1070 1735; x_wconf 83' lang='lat' dir='ltr'>leguntur</span> <span class='ocrx_word' id='word_1_116' title='bbox 1104 1671 1234 1735; x_wconf 86' lang='lat' dir='ltr'><strong>(pag.</strong></span> <span class='ocrx_word' id='word_1_117' title='bbox 1274 1671 1384 1720; x_wconf 86' lang='lat'>156.</span> <span class='ocrx_word' id='word_1_118' title='bbox 1420 1671 1537 1735; x_wconf 84' lang='lat' dir='ltr'>sq.):</span> <span class='ocrx_word' id='word_1_119' title='bbox 1588 1673 1688 1720; x_wconf 83' lang='lat' dir='ltr'>sive</span> <span class='ocrx_word' id='word_1_120' title='bbox 1736 1673 1822 1722; x_wconf 79' lang='lat' dir='ltr'>isti</span> 
     </span>
     <span class='ocr_line' id='line_1_16' title="bbox 221 1743 1821 1827; baseline -0.001 -13"><span class='ocrx_word' id='word_1_121' title='bbox 221 1764 412 1827; x_wconf 75' lang='lat' dir='ltr'>aliquid</span> <span class='ocrx_word' id='word_1_122' title='bbox 450 1765 632 1814; x_wconf 74' lang='lat' dir='ltr'>excidit</span> <span class='ocrx_word' id='word_1_123' title='bbox 674 1765 776 1812; x_wconf 84' lang='lat' dir='ltr'>sive</span> <span class='ocrx_word' id='word_1_124' title='bbox 819 1779 999 1825; x_wconf 75' lang='lat' dir='ltr'>maqna</span> <span class='ocrx_word' id='word_1_125' title='bbox 1050 1743 1256 1812; x_wconf 45' lang='lat' dir='ltr'>consilia</span> <span class='ocrx_word' id='word_1_126' title='bbox 1310 1778 1408 1812; x_wconf 79' lang='lat' dir='ltr'>non</span> <span class='ocrx_word' id='word_1_127' title='bbox 1457 1764 1696 1813; x_wconf 80' lang='lat' dir='ltr'>benevolis</span> <span class='ocrx_word' id='word_1_128' title='bbox 1738 1780 1821 1813; x_wconf 78' lang='lat' dir='ltr'>ex-</span> 
     </span>
     <span class='ocr_line' id='line_1_17' title="bbox 219 1856 1819 1920; baseline -0.001 -13"><span class='ocrx_word' id='word_1_129' title='bbox 219 1857 358 1907; x_wconf 69' lang='lat' dir='ltr'>hibat</span> <span class='ocrx_word' id='word_1_130' title='bbox 387 1857 442 1906; x_wconf 92' lang='lat' dir='ltr'>in</span> <span class='ocrx_word' id='word_1_131' title='bbox 475 1856 612 1907; x_wconf 87' lang='lat' dir='ltr'>codd.</span> <span class='ocrx_word' id='word_1_132' title='bbox 631 1856 674 1905; x_wconf 94' lang='lat' dir='ltr'>B</span> <span class='ocrx_word' id='word_1_133' title='bbox 699 1858 750 1906; x_wconf 87' lang='lat' dir='ltr'>et</span> <span class='ocrx_word' id='word_1_134' title='bbox 770 1856 814 1905; x_wconf 88' lang='lat' dir='ltr'><strong>A</strong></span> <span class='ocrx_word' id='word_1_135' title='bbox 843 1856 947 1906; x_wconf 78' lang='lat' dir='ltr'>sive</span> <span class='ocrx_word' id='word_1_136' title='bbox 976 1856 1178 1920; x_wconf 76' lang='lat' dir='ltr'>exiyunt</span> <span class='ocrx_word' id='word_1_137' title='bbox 1209 1857 1316 1905; x_wconf 84' lang='lat' dir='ltr'>sinc</span> <span class='ocrx_word' id='word_1_138' title='bbox 1336 1872 1497 1905; x_wconf 88' lang='lat' dir='ltr'>sensu.</span> <span class='ocrx_word' id='word_1_139' title='bbox 1561 1857 1673 1907; x_wconf 90' lang='lat' dir='ltr'>Iam</span> <span class='ocrx_word' id='word_1_140' title='bbox 1705 1874 1819 1906; x_wconf 87' lang='lat' dir='ltr'>vero</span> 
     </span>
     <span class='ocr_line' id='line_1_18' title="bbox 218 1949 1821 2014; baseline -0.002 -14"><span class='ocrx_word' id='word_1_141' title='bbox 218 1950 547 2014; x_wconf 84' lang='lat' dir='ltr'>Kiesslingius</span> <span class='ocrx_word' id='word_1_142' title='bbox 570 1949 788 1999; x_wconf 88' lang='lat' dir='ltr'>ostendit</span> <span class='ocrx_word' id='word_1_143' title='bbox 820 1949 976 1997; x_wconf 89' lang='lat' dir='ltr'>solam</span> <span class='ocrx_word' id='word_1_144' title='bbox 1008 1949 1262 2012; x_wconf 86' lang='lat' dir='ltr'>integrum</span> <span class='ocrx_word' id='word_1_145' title='bbox 1283 1964 1477 1997; x_wconf 86' lang='grc'>8011811111</span> <span class='ocrx_word' id='word_1_146' title='bbox 1513 1964 1821 1997; x_wconf 84' lang='lat' dir='ltr'>conservasse</span> 
     </span>
     <span class='ocr_line' id='line_1_19' title="bbox 220 2041 1823 2107; baseline -0.001 -16"><span class='ocrx_word' id='word_1_147' title='bbox 220 2043 496 2107; x_wconf 88' lang='lat' dir='ltr'>epitomen:</span> <span class='ocrx_word' id='word_1_148' title='bbox 539 2043 640 2091; x_wconf 78' lang='lat' dir='ltr'>sive</span> <span class='ocrx_word' id='word_1_149' title='bbox 678 2042 766 2091; x_wconf 79' lang='lat' dir='ltr'>isti</span> <span class='ocrx_word' id='word_1_150' title='bbox 809 2041 1002 2103; x_wconf 78' lang='lat' dir='ltr'>aliquid</span> <span class='ocrx_word' id='word_1_151' title='bbox 1035 2041 1219 2090; x_wconf 75' lang='lat' dir='ltr'>excidit</span> <span class='ocrx_word' id='word_1_152' title='bbox 1236 2076 1248 2099; x_wconf 93' lang='lat'>‚</span> <span class='ocrx_word' id='word_1_153' title='bbox 1289 2042 1391 2090; x_wconf 84' lang='lat' dir='ltr'>sive</span> <span class='ocrx_word' id='word_1_154' title='bbox 1424 2056 1522 2090; x_wconf 81' lang='lat' dir='ltr'>non</span> <span class='ocrx_word' id='word_1_155' title='bbox 1556 2042 1672 2090; x_wconf 80' lang='lat' dir='ltr'>bene</span> <span class='ocrx_word' id='word_1_156' title='bbox 1706 2043 1823 2104; x_wconf 63' lang='lat' dir='ltr'>tegit</span> 
     </span>
     <span class='ocr_line' id='line_1_20' title="bbox 218 2130 1819 2196; baseline -0.001 -12"><span class='ocrx_word' id='word_1_157' title='bbox 218 2135 378 2184; x_wconf 75' lang='lat' dir='ltr'>voltus</span> <span class='ocrx_word' id='word_1_158' title='bbox 420 2149 600 2196; x_wconf 75' lang='lat' dir='ltr'>mayna</span> <span class='ocrx_word' id='word_1_159' title='bbox 635 2133 862 2193; x_wconf 75' lang='lat' dir='ltr'>consilia5</span> <span class='ocrx_word' id='word_1_160' title='bbox 913 2147 1033 2196; x_wconf 86' lang='lat' dir='ltr'>ergo</span> <span class='ocrx_word' id='word_1_161' title='bbox 1067 2130 1278 2180; x_wconf 85' lang='lat' dir='ltr'>Senecae</span> <span class='ocrx_word' id='word_1_162' title='bbox 1327 2133 1477 2181; x_wconf 85' lang='lat' dir='ltr'>verba</span> <span class='ocrx_word' id='word_1_163' title='bbox 1522 2132 1671 2181; x_wconf 82' lang='lat' dir='ltr'>fuisse</span> <span class='ocrx_word' id='word_1_164' title='bbox 1716 2134 1819 2182; x_wconf 79' lang='lat' dir='ltr'>sive</span> 
     </span>
     <span class='ocr_line' id='line_1_21' title="bbox 221 2223 1820 2288; baseline -0.001 -15"><span class='ocrx_word' id='word_1_165' title='bbox 221 2240 401 2288; x_wconf 74' lang='lat' dir='ltr'>maqna</span> <span class='ocrx_word' id='word_1_166' title='bbox 458 2225 663 2273; x_wconf 82' lang='lat' dir='ltr'>consilia</span> <span class='ocrx_word' id='word_1_167' title='bbox 711 2238 809 2272; x_wconf 80' lang='lat' dir='ltr'>non</span> <span class='ocrx_word' id='word_1_168' title='bbox 865 2223 979 2271; x_wconf 83' lang='lat' dir='ltr'>bene</span> <span class='ocrx_word' id='word_1_169' title='bbox 1034 2223 1194 2271; x_wconf 78' lang='lat' dir='ltr'>voltus</span> <span class='ocrx_word' id='word_1_170' title='bbox 1255 2223 1376 2271; x_wconf 76' lang='lat' dir='ltr'>texit</span> <span class='ocrx_word' id='word_1_171' title='bbox 1432 2223 1643 2272; x_wconf 89' lang='lat' dir='ltr'>scribam</span> <span class='ocrx_word' id='word_1_172' title='bbox 1702 2239 1820 2273; x_wconf 82' lang='lat' dir='ltr'>vero</span> 
     </span>
     <span class='ocr_line' id='line_1_22' title="bbox 220 2316 1820 2380; baseline -0.002 -13"><span class='ocrx_word' id='word_1_173' title='bbox 220 2318 324 2367; x_wconf 87' lang='lat' dir='ltr'>cod.</span> <span class='ocrx_word' id='word_1_174' title='bbox 361 2317 399 2367; x_wconf 81' lang='lat' dir='ltr'>O</span> <span class='ocrx_word' id='word_1_175' title='bbox 443 2334 532 2366; x_wconf 87' lang='lat' dir='ltr'>sua</span> <span class='ocrx_word' id='word_1_176' title='bbox 566 2316 869 2380; x_wconf 80' lang='lat' dir='ltr'>conjectura,</span> <span class='ocrx_word' id='word_1_177' title='bbox 916 2317 999 2373; x_wconf 85' lang='lat' dir='ltr'>ut,</span> <span class='ocrx_word' id='word_1_178' title='bbox 1045 2331 1344 2378; x_wconf 87' lang='lat' dir='ltr'>quamquam</span> <span class='ocrx_word' id='word_1_179' title='bbox 1376 2331 1477 2363; x_wconf 93' lang='lat' dir='ltr'>non</span> <span class='ocrx_word' id='word_1_180' title='bbox 1511 2316 1711 2375; x_wconf 88' lang='lat' dir='ltr'>bonum,</span> <span class='ocrx_word' id='word_1_181' title='bbox 1745 2318 1820 2364; x_wconf 89' lang='lat' dir='ltr'>ta-</span> 
     </span>
     <span class='ocr_line' id='line_1_23' title="bbox 218 2407 1401 2472; baseline -0.005 -11"><span class='ocrx_word' id='word_1_182' title='bbox 218 2427 335 2461; x_wconf 90' lang='lat' dir='ltr'>men</span> <span class='ocrx_word' id='word_1_183' title='bbox 368 2426 565 2465; x_wconf 41' lang='lat' dir='ltr'>sensum.</span> <span class='ocrx_word' id='word_1_184' title='bbox 595 2408 839 2467; x_wconf 83' lang='lat' dir='ltr'>efficeret,</span> <span class='ocrx_word' id='word_1_185' title='bbox 885 2407 1137 2472; x_wconf 85' lang='lat' dir='ltr'>scripsisse</span> <span class='ocrx_word' id='word_1_186' title='bbox 1170 2407 1401 2457; x_wconf 76' lang='lat' dir='ltr'>exhibuit.</span> 
     </span>
    </p>

    <p class='ocr_par' dir='ltr' id='par_1_3' title="bbox 217 2498 1888 3210">
     <span class='ocr_line' id='line_1_24' title="bbox 347 2498 1818 2565; baseline 0.001 -16"><span class='ocrx_word' id='word_1_187' title='bbox 347 2500 531 2549; x_wconf 83' lang='lat' dir='ltr'>Eadem</span> <span class='ocrx_word' id='word_1_188' title='bbox 575 2499 778 2547; x_wconf 88' lang='lat' dir='ltr'>licentia</span> <span class='ocrx_word' id='word_1_189' title='bbox 822 2499 966 2547; x_wconf 91' lang='lat' dir='ltr'>illum</span> <span class='ocrx_word' id='word_1_190' title='bbox 1012 2498 1225 2548; x_wconf 88' lang='lat' dir='ltr'>scribam</span> <span class='ocrx_word' id='word_1_191' title='bbox 1274 2515 1426 2562; x_wconf 91' lang='lat' dir='ltr'>quum</span> <span class='ocrx_word' id='word_1_192' title='bbox 1458 2498 1553 2547; x_wconf 93' lang='lat' dir='ltr'>hoc</span> <span class='ocrx_word' id='word_1_193' title='bbox 1568 2535 1580 2558; x_wconf 90' lang='lat'>‚</span> <span class='ocrx_word' id='word_1_194' title='bbox 1628 2500 1687 2549; x_wconf 93' lang='lat' dir='ltr'>de</span> <span class='ocrx_word' id='word_1_195' title='bbox 1721 2516 1818 2565; x_wconf 87' lang='lat' dir='ltr'>quo</span> 
     </span>
     <span class='ocr_line' id='line_1_25' title="bbox 219 2590 1816 2655; baseline 0 -15"><span class='ocrx_word' id='word_1_196' title='bbox 219 2592 409 2655; x_wconf 83' lang='lat' dir='ltr'>agitur,</span> <span class='ocrx_word' id='word_1_197' title='bbox 443 2593 553 2639; x_wconf 92' lang='lat' dir='ltr'>loco</span> <span class='ocrx_word' id='word_1_198' title='bbox 588 2607 730 2639; x_wconf 89' lang='lat' dir='ltr'>usum</span> <span class='ocrx_word' id='word_1_199' title='bbox 763 2606 866 2638; x_wconf 88' lang='lat' dir='ltr'>esse</span> <span class='ocrx_word' id='word_1_200' title='bbox 899 2592 1139 2653; x_wconf 88' lang='lat' dir='ltr'>appareat</span> <span class='ocrx_word' id='word_1_201' title='bbox 1158 2625 1170 2647; x_wconf 85' lang='lat'>‚</span> <span class='ocrx_word' id='word_1_202' title='bbox 1206 2606 1267 2637; x_wconf 85' lang='lat' dir='ltr'>ex</span> <span class='ocrx_word' id='word_1_203' title='bbox 1301 2590 1405 2637; x_wconf 85' lang='lat' dir='ltr'>sola</span> <span class='ocrx_word' id='word_1_204' title='bbox 1436 2590 1646 2639; x_wconf 88' lang='lat' dir='ltr'>lectione</span> <span class='ocrx_word' id='word_1_205' title='bbox 1679 2592 1816 2640; x_wconf 90' lang='lat' dir='ltr'>codd.</span> 
     </span>
     <span class='ocr_line' id='line_1_26' title="bbox 217 2666 1816 2748; baseline -0.001 -14"><span class='ocrx_word' id='word_1_206' title='bbox 217 2686 262 2734; x_wconf 90' lang='lat' dir='ltr'>A</span> <span class='ocrx_word' id='word_1_207' title='bbox 308 2686 360 2734; x_wconf 86' lang='lat' dir='ltr'>et</span> <span class='ocrx_word' id='word_1_208' title='bbox 400 2682 442 2732; x_wconf 95' lang='lat' dir='ltr'>B</span> <span class='ocrx_word' id='word_1_209' title='bbox 485 2682 899 2748; x_wconf 86' lang='lat' dir='ltr'>progrediendum</span> <span class='ocrx_word' id='word_1_210' title='bbox 946 2684 1049 2731; x_wconf 85' lang='grc'>0880</span> <span class='ocrx_word' id='word_1_211' title='bbox 1095 2683 1149 2730; x_wconf 82' lang='grc'>111</span> <span class='ocrx_word' id='word_1_212' title='bbox 1182 2666 1535 2730; x_wconf 77' lang='lat' dir='ltr'>¹emendatione</span> <span class='ocrx_word' id='word_1_213' title='bbox 1576 2683 1816 2741; x_wconf 76' lang='lat' dir='ltr'>arbitror3</span> 
     </span>
     <span class='ocr_line' id='line_1_27' title="bbox 217 2771 1819 2841; baseline -0.001 -15"><span class='ocrx_word' id='word_1_214' title='bbox 217 2779 386 2826; x_wconf 81' lang='lat' dir='ltr'>tamen</span> <span class='ocrx_word' id='word_1_215' title='bbox 429 2776 635 2841; x_wconf 87' lang='lat' dir='ltr'>propter</span> <span class='ocrx_word' id='word_1_216' title='bbox 668 2790 747 2835; x_wconf 84' lang='lat' dir='ltr'>ea,</span> <span class='ocrx_word' id='word_1_217' title='bbox 793 2790 918 2839; x_wconf 86' lang='lat' dir='ltr'>quae</span> <span class='ocrx_word' id='word_1_218' title='bbox 951 2771 1202 2837; x_wconf 83' lang='lat' dir='ltr'>Hoefigius</span> <span class='ocrx_word' id='word_1_219' title='bbox 1250 2772 1306 2839; x_wconf 93' lang='lat' dir='ltr'>(l.</span> <span class='ocrx_word' id='word_1_220' title='bbox 1356 2788 1395 2821; x_wconf 96' lang='lat' dir='ltr'>c.</span> <span class='ocrx_word' id='word_1_221' title='bbox 1447 2773 1503 2821; x_wconf 94' lang='lat' dir='ltr'>in</span> <span class='ocrx_word' id='word_1_222' title='bbox 1548 2773 1725 2838; x_wconf 88' lang='lat' dir='ltr'>praef.)</span> <span class='ocrx_word' id='word_1_223' title='bbox 1759 2775 1819 2825; x_wconf 83' lang='lat' dir='ltr'>de</span> 
     </span>
     <span class='ocr_line' id='line_1_28' title="bbox 218 2863 1815 2930; baseline -0.002 -12"><span class='ocrx_word' id='word_1_224' title='bbox 218 2870 313 2920; x_wconf 89' lang='lat' dir='ltr'>hoc</span> <span class='ocrx_word' id='word_1_225' title='bbox 345 2869 516 2919; x_wconf 86' lang='lat' dir='ltr'>codice</span> <span class='ocrx_word' id='word_1_226' title='bbox 543 2867 753 2926; x_wconf 87' lang='lat' dir='ltr'>censuit,</span> <span class='ocrx_word' id='word_1_227' title='bbox 805 2867 1143 2915; x_wconf 82' lang='lat' dir='ltr'>demonstrare</span> <span class='ocrx_word' id='word_1_228' title='bbox 1174 2863 1296 2912; x_wconf 86' lang='lat' dir='ltr'>mihi</span> <span class='ocrx_word' id='word_1_229' title='bbox 1329 2865 1525 2914; x_wconf 77' lang='lat' dir='ltr'>videtur</span> <span class='ocrx_word' id='word_1_230' title='bbox 1556 2883 1680 2930; x_wconf 89' lang='lat' dir='ltr'>opus</span> <span class='ocrx_word' id='word_1_231' title='bbox 1714 2884 1815 2915; x_wconf 85' lang='lat' dir='ltr'>esse</span> 
     </span>
     <span class='ocr_line' id='line_1_29' title="bbox 217 2956 1888 3027; baseline -0.004 -14"><span class='ocrx_word' id='word_1_232' title='bbox 217 2962 573 3027; x_wconf 79' lang='lat' dir='ltr'>conjecturam,</span> <span class='ocrx_word' id='word_1_233' title='bbox 624 2976 774 3024; x_wconf 87' lang='lat' dir='ltr'>quam</span> <span class='ocrx_word' id='word_1_234' title='bbox 806 2959 966 3009; x_wconf 85' lang='lat' dir='ltr'>scriba</span> <span class='ocrx_word' id='word_1_235' title='bbox 998 2958 1102 3008; x_wconf 91' lang='lat' dir='ltr'>cod.</span> <span class='ocrx_word' id='word_1_236' title='bbox 1138 2956 1177 3007; x_wconf 83' lang='lat' dir='ltr'>G</span> <span class='ocrx_word' id='word_1_237' title='bbox 1210 2958 1469 3022; x_wconf 86' lang='lat' dir='ltr'>proposuit</span> <span class='ocrx_word' id='word_1_238' title='bbox 1485 2994 1498 3017; x_wconf 85' lang='lat'>‚</span> <span class='ocrx_word' id='word_1_239' title='bbox 1539 2975 1641 3007; x_wconf 88' lang='lat' dir='ltr'>non</span> <span class='ocrx_word' id='word_1_240' title='bbox 1672 2974 1813 3022; x_wconf 82' lang='lat' dir='ltr'>posse</span> <span class='ocrx_word' id='word_1_241' title='bbox 1881 2981 1888 2985; x_wconf 85' lang='lat'><em>-</em></span> 
     </span>
     <span class='ocr_line' id='line_1_30' title="bbox 217 3048 1813 3116; baseline -0.004 -11"><span class='ocrx_word' id='word_1_242' title='bbox 217 3053 313 3104; x_wconf 88' lang='lat' dir='ltr'>hoc</span> <span class='ocrx_word' id='word_1_243' title='bbox 343 3055 453 3104; x_wconf 92' lang='lat' dir='ltr'>loco</span> <span class='ocrx_word' id='word_1_244' title='bbox 486 3051 659 3116; x_wconf 84' lang='lat' dir='ltr'>accipi.</span> <span class='ocrx_word' id='word_1_245' title='bbox 726 3050 793 3100; x_wconf 82' lang='lat' dir='ltr'>Et</span> <span class='ocrx_word' id='word_1_246' title='bbox 825 3050 1039 3115; x_wconf 89' lang='lat' dir='ltr'>primum</span> <span class='ocrx_word' id='word_1_247' title='bbox 1071 3048 1269 3112; x_wconf 83' lang='lat' dir='ltr'>quidem</span> <span class='ocrx_word' id='word_1_248' title='bbox 1300 3065 1365 3098; x_wconf 91' lang='lat' dir='ltr'>ne</span> <span class='ocrx_word' id='word_1_249' title='bbox 1396 3050 1469 3098; x_wconf 86' lang='lat' dir='ltr'>ita</span> <span class='ocrx_word' id='word_1_250' title='bbox 1502 3048 1700 3112; x_wconf 86' lang='lat' dir='ltr'>quidem</span> <span class='ocrx_word' id='word_1_251' title='bbox 1714 3087 1727 3110; x_wconf 94' lang='lat'>,</span> <span class='ocrx_word' id='word_1_252' title='bbox 1769 3050 1813 3099; x_wconf 85' lang='lat' dir='ltr'>si</span> 
     </span>
     <span class='ocr_line' id='line_1_31' title="bbox 217 3140 1813 3210; baseline -0.003 -15"><span class='ocrx_word' id='word_1_253' title='bbox 217 3147 545 3210; x_wconf 80' lang='lat' dir='ltr'>receperimus</span> <span class='ocrx_word' id='word_1_254' title='bbox 574 3143 706 3192; x_wconf 85' lang='lat' dir='ltr'>hanc</span> <span class='ocrx_word' id='word_1_255' title='bbox 738 3143 1032 3208; x_wconf 83' lang='lat' dir='ltr'>scripturam</span> <span class='ocrx_word' id='word_1_256' title='bbox 1061 3140 1242 3192; x_wconf 89' lang='lat' dir='ltr'>codicis</span> <span class='ocrx_word' id='word_1_257' title='bbox 1275 3140 1532 3190; x_wconf 84' lang='lat' dir='ltr'>deterioris</span> <span class='ocrx_word' id='word_1_258' title='bbox 1545 3175 1558 3199; x_wconf 90' lang='lat'>‚</span> <span class='ocrx_word' id='word_1_259' title='bbox 1592 3140 1813 3204; x_wconf 83' lang='lat' dir='ltr'>intellegi</span> 
     </span>
    </p>
   </div>
  </div>
 </body>
</html>
