2084 3664
1038 323 1100 371 14

391 449 474 497 Illi
524 467 638 500 vero
685 454 828 501 tanto
864 456 1024 518 'opere
1068 472 1227 522 genus
1279 459 1474 511 dicendi
1518 462 1866 516 antithetieum
1925 497 1928 500 <

259 541 591 602 affectabant,
647 547 704 590 ut
750 561 852 592 non
897 547 1058 596 solum
1090 549 1163 596 ita
1196 550 1491 603 adhiberent
1507 591 1520 615 ,
1571 556 1613 604 si
1646 557 1755 620 ipsa
1787 573 1865 605 res

255 635 567 698 porrigebat,
611 635 697 684 sed
741 638 897 687 nimio
948 640 1112 688 studio
1145 643 1401 704 captantes
1433 646 1682 697 interdum
1715 650 1862 715 longe

253 726 483 788 peterent
510 727 620 790 ipsa
641 730 849 777 materia
875 733 1207 794 repugnante,
1242 735 1375 784 certe
1409 752 1512 785 non
1533 738 1855 791 desiderante.

250 815 360 865 Hoc
395 818 586 878 vitium,
621 821 753 883 quod
787 822 938 871 etiam
971 823 1269 875 detrimento
1303 829 1577 880 sententiae
1610 832 1857 883 antitheto

249 910 530 969 utebantur,
554 913 739 975 optime
763 914 1042 965 illustratur
1064 920 1303 983 exemplo,
1339 922 1471 985 quod
1488 921 1673 973 Seneca
1695 925 1854 983 affert,

248 1002 379 1049 unde
423 1003 691 1052 clarissime
727 1005 821 1054 hoe
858 1008 1005 1056 simul
1049 1014 1258 1073 apparet
1274 1048 1286 1071 ,
1334 1018 1519 1077 quanta
1563 1033 1713 1079 opera
1756 1017 1855 1064 tale

246 1092 437 1142 dicendi
459 1110 613 1156 genus
639 1095 692 1144 in
717 1100 994 1149 enunciatis
1014 1100 1285 1153 formandis
1304 1122 1474 1155 omnes
1491 1109 1708 1171 amplexi
1736 1109 1851 1157 sint.

374 1183 509 1233 Flori
543 1186 794 1250 cujusdam'
821 1188 1055 1240 Latronis
1080 1194 1333 1255 auditoris,
1368 1199 1673 1248 sententiam.
1699 1200 1853 1249 refert

242 1276 372 1339 (pag.
410 1277 522 1325 258.
566 1280 685 1342 sq.):
737 1283 934 1342 refulsit
980 1286 1113 1335 inter
1145 1289 1355 1348 privata
1393 1291 1580 1351 poeula
1621 1293 1851 1353 publicae

238 1370 427 1417 securis
460 1371 615 1429 acies,
651 1372 709 1419 de
746 1389 843 1435 qua
877 1375 999 1424 haec
1031 1377 1269 1427 adnotat.-
1302 1396 1555 1442 nunquam
1586 1384 1744 1433 Latro
1777 1385 1849 1434 sio

238 1463 608 1523 composuisset,
655 1468 712 1512 ut
761 1466 880 1526 quia
921 1455 1176 1527 publicam
1220 1486 1431 1522 securem
1482 1475 1707 1524 dicturus
1738 1481 1846 1526 erat

235 1552 420 1602 diceret
443 1555 653 1614 privata
677 1558 879 1617 poeula.
1089 1548 1091 1550 ’

363 1645 517 1695 Initio
547 1664 660 1712 pag.
685 1650 780 1697 130
802 1649 1002 1711 Seneca,
1040 1670 1192 1716 quum
1215 1656 1274 1705 de
1295 1656 1329 1706 J
1331 1658 1446 1706 unio
1462 1657 1655 1707 Othone
1684 1676 1842 1709 sermo

234 1735 488 1796 inciderit,
541 1742 712 1788 narrat
763 1758 875 1791 eum
910 1746 1146 1806 quattuor
1180 1747 1332 1798 libros
1365 1750 1585 1800 colorum
1618 1753 1839 1812 edidisse,

233 1826 292 1875 de
343 1829 523 1891 quibus
580 1830 686 1894 ipse
741 1831 834 1881 hoc
902 1833 1022 1884 facit
1083 1837 1356 1900 judicium:
1407 1841 1587 1892 Edidit
1648 1844 1838 1905 quidem

229 1924 464 1981 quattuor
498 1921 646 1971 libros
680 1924 916 1988 colorum,
968 1944 1088 1990 quos
1139 1931 1256 1980 belle
1290 1929 1453 1983 Gallio
1496 1940 1662 1985 noster
1693 1937 1842 1987 Anti-

220 2011 427 2073 phontis
462 2014 613 2063 libros
644 2018 863 2076 vocabat,
899 2024 1090 2070 tantum
1123 2024 1177 2071 in
1207 2024 1311 2074 illis
1334 2028 1632 2077 somniorum
1664 2035 1735 2079 est
1741 2048 1759 2090 ‚·
1792 2035 1840 2091 et

232 2104 321 2153 hoe
344 2106 519 2154 vitium
542 2107 603 2155 ab
633 2109 871 2169 antiquis,
906 2112 992 2171 qui
1014 2118 1167 2162 artem
1196 2115 1392 2165 dicendi
1424 2118 1697 2179 tradebant,
1746 2120 1838 2168 du-

226 2201 371 2246 xerat
418 2226 486 2233 —
532 2199 610 2247 illi
657 2201 786 2248 enim
844 2203 1029 2253 colores
1069 2206 1311 2266 probant,
1362 2209 1449 2269 qui
1493 2225 1592 2259 non
1626 2217 1839 2271 possunt

226 2290 430 2352 eoarqui
463 2315 527 2324 —-
562 2326 800 2352 ......
844 2309 970 2356 quae
1005 2298 1280 2359 sequuntur
1314 2299 1462 2348 verba
1496 2301 1548 2349 in
1583 2302 1833 2354 codicibus

219 2384 453 2446 corrupte
500 2383 573 2430 ita
608 2382 907 2434 exhibentur
946 2403 1045 2437 non
1095 2394 1151 2438 ut
1199 2393 1440 2442 omniasse
1484 2398 1540 2443 ut
1581 2410 1679 2445 non
1712 2400 1833 2446 esset

221 2475 389 2534 aliquo
435 2475 621 2525 homine
654 2478 879 2537 offensus.
948 2480 1139 2529 Ultima
1189 2484 1340 2532 verba
1372 2484 1406 2533 J
1407 2485 1583 2533 ahnius
1617 2490 1831 2544 correxit

219 2565 275 2614 in
310 2566 477 2627 aliquo
511 2569 705 2618 nomine
738 2571 958 2631 offensui,
994 2588 1121 2634 quae
1156 2575 1432 2624 emendatio
1466 2575 1587 2624 mihi
1619 2580 1829 2628 certissi-

218 2674 299 2707 ma
331 2659 550 2717 videtur;
586 2661 647 2709 ad
682 2662 848 2725 priora
880 2663 1030 2712 verba
1057 2663 1327 2715 Bursianus
1359 2667 1558 2733 signum
1592 2670 1690 2720 loci
1722 2672 1830 2721 des-

218 2753 378 2816 perati
411 2754 663 2815 apposuit,
711 2755 802 2803 sub
838 2756 1061 2804 ordinem
1095 2760 1260 2807 autem
1293 2761 1556 2810 verborum
1590 2762 1712 2813 haec
1743 2765 1829 2812 ad-

217 2842 394 2891 notat:
439 2860 561 2906 „pro
594 2861 651 2893 eo
687 2846 818 2908 quod
852 2849 927 2895 est
971 2849 1210 2899 omniasse
1259 2852 1384 2900 teste
1420 2851 1628 2913 Schotto
1663 2856 1826 2904 omnia

217 2938 460 2982 asseveret
497 2933 552 2981 in
585 2935 750 2985 codice
784 2935 837 2996 O,
872 2953 1025 3001 quare
1058 2936 1263 2988 fortasse
1297 2941 1627 3002 scribendum,
1663 2943 1827 2994 omnia

217 3032 542 3088 asseveraret,
588 3028 675 3076 sed
710 3058 767 3065 -
805 3035 954 3079 esse“.
1022 3031 1099 3079 Ad
1132 3048 1244 3081 eum
1292 3034 1449 3098 igitur
1493 3035 1707 3084 codicem
1751 3052 1825 3085 se-

218 3118 466 3183 quendum
513 3120 606 3169 hoc
640 3121 749 3171 loco
782 3123 975 3172 videtur
1008 3124 1228 3175 animum
1265 3127 1527 3177 inclinasse
1542 3164 1555 3187 ,
1589 3144 1733 3191 quem
1767 3130 1821 3178 in
