2084 3664
1031 329 1093 376 38

257 457 393 521 quod
419 459 587 508 evenit
625 474 733 523 pag.
756 457 967 517 327,15,-
991 458 1079 508 ubi
1103 459 1158 508 in
1190 459 1358 510 codd-z
1390 458 1436 510 si
1453 457 1860 512 aliumheminem

251 548 594 609 pervenissem,
629 564 719 597 nec
736 565 993 613 possumus
1003 565 1105 599 non
1116 549 1356 601 scribere:
1387 551 1461 614 „si
1481 551 1857 613 adaliumeqeffl

358 639 503 699 Idem,
537 639 596 690 de
630 657 733 705 quo
762 642 908 692 modo
941 642 1060 704 dixi,
1095 657 1231 693 error
1256 641 1463 703 librarii,
1497 644 1630 707 quod
1647 645 1861 709 primum

258 730 445 794 aliquid
477 730 600 781 false
646 734 972 798 perscriptum
1014 732 1120 797 ipse
1168 734 1282 798 post
1314 734 1438 787 vitio
1469 735 1722 787 intellecto
1743 751 1861 787 ’,θατ-

258 824 414 884 rexit‚
447 825 519 874 ita
552 827 753 884 tamen,
774 831 832 876 ut
865 828 1074 889 utraque
1091 861 1108 885 ,
1140 827 1192 875 et
1226 824 1350 878 falsa
1382 828 1435 876 et
1466 827 1861 891 integraret-ip-

249 919 398 987 -tura,
433 919 663 977 exstaret,
700 934 846 982 quem
882 918 1081 982 quidem
1112 916 1258 970 haud.
1276 933 1390 982 uno
1410 917 1527 969 loco
1561 919 1617 968 in
1650 917 1862 971 Senecae

259 1009 508 1061 codicibus
544 1011 825 1063 invenimus
855 1012 992 1076 (pag.
1028 1011 1206 1070 247,31
1241 1010 1345 1063 illis
1375 1010 1494 1062 illas
1524 1027 1616 1076 pro
1647 1011 1861 1076 simplici

258 1101 397 1162 illa-53·
447 1117 562 1166 pag.
609 1103 793 1165 299,2o
827 1102 1018 1154 laodicie
1043 1102 1290 1166 pauperis
1319 1102 1468 1155 occisi
1491 1103 1738 1166 paupm‘e
1769 1120 1860 1168 pro

258 1193 407 1242 occisi
441 1194 685 1255 pauperis
721 1195 784 1243 cf.
820 1195 1068 1259 epitomen
1112 1209 1222 1259 pag.
1260 1194 1426 1254 445,9‚
1460 1192 1713 1258 Kiessh'ug
1727 1226 1729 1228 -
1744 1193 1862 1244 Bei-

258 1282 425 1349 trega>
458 1285 744 1336 statuendus
789 1301 894 1336 esse
936 1286 1061 1336 mihi
1109 1286 1303 1337 videtur
1350 1301 1463 1350 pag.
1502 1285 1719 1346 32522,
1733 1302 1862 1350 quo-

260 1377 394 1424 niam
449 1376 570 1426 haec
612 1378 975 1441 simplicissima
1015 1380 1090 1427 est
1134 1378 1263 1427 ratio
1297 1378 1607 1430 obscuratam
1639 1377 1859 1429 codicum

260 1469 557 1532 scripturam
586 1470 865 1534 explicandi
886 1487 1047 1534 neque
1075 1470 1326 1534 oportebit
1344 1469 1576 1521 Bursiani
1609 1472 1861 1534 operosior

260 1563 410 1626 atque
455 1577 631 1625 parum
682 1562 787 1611 veri
830 1562 1005 1612 similis
1051 1562 1323 1626 accipiatur
1355 1561 1649 1625 conjectura.
1734 1563 1861 1616 Dico

169 1709 173 1711 ,
259 1654 414 1717 igitur
445 1654 757 1703 scribendum
782 1670 886 1705 esse
919 1655 1022 1703 illic
1055 1670 1145 1717 pro
1175 1655 1388 1716 fortasse
1408 1654 1479 1704 sis
1510 1654 1584 1705 nil
1616 1655 1714 1705 nisi
1744 1654 1860 1705 hoc:

256 1745 504 1806 fortassis,
538 1762 691 1808 quum
724 1747 767 1796 is
792 1747 879 1810 qui
903 1746 1159 1809 descripsit
1183 1745 1277 1795 hoc
1307 1745 1615 1806 vocabulum,
1648 1747 1860 1810 primum

259 1836 319 1884 de
345 1836 506 1884 forma
530 1834 786 1887 usitatiore
812 1837 1040 1902 cogitans
1056 1837 1216 1900 magis
1233 1836 1294 1886 de
1308 1852 1398 1885 suo
1427 1852 1576 1900 quam
1595 1836 1861 1887 secundum

260 1927 442 1975 librum
488 1929 699 1989 fortasse
744 1929 966 1992 posuerit
982 1963 996 1987 ,
1061 1929 1170 1976 tum
1220 1928 1348 1977 libro
1402 1928 1589 1977 iterum>
1636 1928 1860 1992 inspecto

260 2019 477 2084 vitioque
510 2020 679 2083 agnito
713 2020 962 2085 integrum
997 2019 1185 2071 exitum
1227 2019 1476 2081 vocabuli,
1525 2018 1612 2084 qui
1646 2022 1762 2070 -erat
1791 2022 1863 2072 sis

262 2130 352 2177 pro
383 2128 449 2173 se,
484 2112 741 2162 addiderit.

358 2203 811 2253 Controversiarum
832 2204 1022 2253 codices
1044 2220 1197 2266 quum
1228 2204 1434 2266 pessime
1458 2205 1717 2269 perscripti
1744 2207 1860 2267 sint,

260 2295 596 2359 gratissimum
618 2296 840 2361 praestat
861 2294 1099 2344 auxilium
1121 2295 1176 2342 in
1197 2294 1427 2345 sanandis
1447 2296 1741 2359 corruptelis
1760 2298 1862 2361 epi-

257 2390 405 2449 tome,
430 2388 570 2453 cujus
588 2387 837 2438 interdum
855 2386 961 2451 jam
989 2386 1291 2438 mentionem
1319 2385 1563 2442 inchoavi.
1612 2387 1679 2437 Et
1696 2402 1864 2439 omnes

259 2481 374 2542 fere,
408 2481 565 2543 quiin
584 2496 735 2544 opera
748 2478 1261 2546 Annaeanastudium
1283 2479 1623 2539 contulerunt,
1644 2480 1863 2531 animad-

261 2574 518 2623 verterunt
543 2573 784 2635 quantum
804 2571 1123 2622 emolumenti
1139 2570 1342 2621 afferret
1355 2571 1663 2635 comparatio
1682 2574 1864 2622 utrius-

261 2682 358 2732 que
390 2666 678 2731 scripturae.
759 2662 854 2715 Sed
877 2678 1184 2727 ¹quamquam
1217 2662 1364 2713 nimis
1396 2678 1563 2714 severe
1592 2661 1865 2717 Bursianus

261 2761 320 2809 de
355 2776 412 2809 ea
439 2759 680 2822 judicasse
723 2757 915 2808 videtur
958 2756 1143 2820 (praef.
1180 2771 1292 2820 pag.
1329 2754 1503 2819 VIII),
1557 2754 1650 2806 hoc
1694 2758 1863 2807 tamen

262 2868 434 2902 omnes
461 2854 593 2900 recte
625 2852 804 2901 docent
828 2852 977 2901 caute
1015 2866 1122 2898 eam
1156 2865 1259 2898 esse
1283 2848 1613 2900 adhibendam
1633 2850 1698 2897 ·in
1715 2851 1864 2899 resti·-

261 2943 461 2993 tuendis
506 2940 716 2992 Senecae
761 2942 945 3000 verbis3
993 2941 1161 3004 itaque
1213 2939 1307 2989 hoc
1347 2938 1671 3003 potissimum·
1697 2939 1865 2990 obsers-

263 3037 498 3094 vandum,
559 3034 727 3098 quales
773 3036 872 3083 sint
917 3033 1243 3091 mutationcS,
1307 3029 1473 3094 qualia
1531 3030 1862 3081 additamenta

263 3128 577 3193 epitomatori
602 3127 929 3176 attribuenda.
982 3126 1040 3174 In
1065 3140 1163 3188 quo
1186 3123 1401 3187 primum
1421 3122 1516 3171 hoc
1538 3122 1864 3186 reputandum
