2084 3664
1040 322 1071 369 6

251 454 303 501 in
353 453 621 502 enodandis
665 455 1024 518 scripturarum
1058 452 1430 504 difficultatibus
1473 471 1613 504 usum
1645 452 1859 502 habebat

250 547 301 593 et
333 546 389 592 ut
420 545 749 608 interpolator
780 544 980 609 linguae
1015 545 1199 593 latinae
1231 561 1336 594 non
1377 546 1524 609 plane
1568 545 1705 595 rudis
1737 545 1858 601 erat,

249 636 424 684 melius
458 636 518 684 iis
550 636 637 699 qui
670 652 761 686 nec
793 636 922 685 libro
956 636 1046 685 Ms.
1089 637 1211 685 duce
1242 636 1530 701 ingeniique
1575 653 1694 701 ope,
1741 635 1859 700 quid

248 728 299 774 in
336 743 534 790 quoque
566 728 675 775 loco
709 728 969 790 legendum
1005 729 1085 785 sit,
1118 727 1403 791 conjiciunt,
1439 728 1605 792 potuit
1624 728 1717 776 iste
1749 726 1858 790 qui-

247 820 360 869 dem
404 820 682 870 litterarum
727 821 903 870 ductus
945 824 1184 885 sequutus
1232 824 1321 870 aut
1364 811 1534 872 verum
1577 822 1738 885 ipsum
1772 822 1859 869 aut

248 911 379 974 quod
414 927 581 959 verum
615 928 771 976 prope
805 914 913 960 erat
945 913 1021 961 vel
1057 912 1212 961 oculis
1245 912 1324 961 vel
1356 914 1523 962 mente
1557 913 1766 976 assequi.

380 1002 606 1052 Ceterum
641 1020 939 1067 quamquam
972 1007 1051 1053 tot
1083 1005 1244 1054 adhuc
1289 1005 1384 1053 viri
1426 1021 1626 1070 operam
1658 1004 1713 1053 L.
1751 1003 1858 1053 An-

248 1099 358 1146 naei
387 1093 531 1146 libris
563 1100 894 1156 navaverunt,
939 1100 1071 1146 inter
1105 1116 1229 1162 quos
1263 1099 1396 1147 haud
1430 1100 1574 1163 pauci
1607 1099 1854 1162 spectatae

247 1190 395 1251 atque
430 1188 668 1252 probatae
703 1188 957 1237 doctrinae
1004 1189 1316 1253 ingeniique,
1362 1190 1531 1238 tamen
1564 1189 1673 1252 quis
1705 1191 1857 1254 neget

248 1282 406 1329 multa
439 1281 588 1329 etiam
612 1297 746 1329 nunc
767 1288 951 1330 restare
976 1282 1030 1329 in
1048 1282 1221 1331 iisdem
1242 1282 1384 1330 libris
1405 1297 1531 1346 quae
1550 1284 1636 1330 aut
1655 1271 1856 1347 prorsus

248 1379 451 1423 careant
486 1374 843 1432 emendatione,
879 1376 965 1422 aut
996 1375 1174 1423 leviter
1208 1377 1401 1423 tentata
1432 1375 1607 1424 melius
1635 1375 1857 1424 exhiberi

249 1468 478 1532 possint?
544 1467 719 1531 Itaque
766 1467 1003 1532 proposui
1049 1467 1170 1517 mihi
1203 1468 1263 1517 de
1297 1467 1550 1517 nonnullis
1583 1468 1706 1518 locis
1737 1468 1855 1532 quid

247 1562 454 1610 sentiam
489 1561 750 1624 explicare,
785 1577 988 1625 sperans
1021 1577 1098 1609 me
1124 1561 1313 1625 aliquid
1339 1561 1401 1610 ad
1425 1562 1751 1611 emendandos
1773 1578 1857 1611 eos

246 1653 542 1700 collaturum
574 1668 733 1716 neque
767 1654 821 1700 in
855 1652 1261 1716 reprehensiones
1294 1653 1604 1701 incursurum
1628 1669 1745 1712 esse,
1775 1653 1856 1716 ju-

247 1745 400 1794 venili
442 1744 657 1793 novandi
701 1746 751 1792 et
796 1745 1068 1807 corrigendi
1111 1744 1372 1808 cupiditati
1418 1745 1626 1793 nimium
1669 1761 1746 1793 me
1780 1746 1859 1794 in-

248 1839 466 1889 dulsisse.

380 1931 578 1980 Primae
613 1931 859 1979 suasoriae
893 1930 1089 1989 thema,
1138 1930 1269 1993 quod
1304 1945 1456 1993 quum
1489 1931 1679 1984 codices
1713 1931 1855 1980 initio

247 2024 411 2072 mutili
444 2024 566 2080 sint,
602 2039 705 2071 non
738 2022 979 2070 traditum
1021 2024 1095 2070 est
1109 2058 1121 2080 ,
1156 2038 1217 2070 ex
1251 2022 1511 2070 sententiis
1544 2022 1752 2085 prolatis
1783 2024 1855 2070 ita

246 2118 349 2166 fere
385 2131 582 2165 sonasse
615 2114 848 2178 colligere
873 2129 1154 2177 possumus:
1189 2113 1446 2163 Deliberat
1471 2113 1758 2163 Alexander
1790 2130 1857 2164 an

252 2210 498 2259 Oceanum
529 2208 748 2268 naviyet;
793 2207 846 2253 in
899 2221 996 2267 qua
1037 2205 1243 2252 materia
1278 2220 1448 2253 omnes
1481 2204 1703 2254 rhetores
1736 2206 1859 2254 alte-

246 2318 353 2351 ram
386 2303 582 2349 tantum
626 2300 819 2363 partem
862 2298 1210 2360 susceperunt,
1260 2298 1391 2345 certe
1425 2295 1610 2345 Seneca
1655 2297 1857 2347 alterius

245 2395 443 2442 tantum
477 2392 634 2456 partis
678 2389 950 2439 sententias
993 2389 1217 2452 collegit,
1266 2404 1442 2452 nempe
1487 2388 1633 2447 tales,
1679 2389 1857 2454 quibus

246 2483 526 2533 Alexander
558 2482 708 2529 nimis
736 2482 1027 2529 ambitiosus
1051 2481 1199 2542 atque
1225 2480 1476 2542 potentiae
1501 2480 1672 2528 avidus
1693 2484 1859 2544 posset
1897 2514 1901 2517 -

247 2576 476 2634 retineri3
510 2576 562 2623 et
593 2590 682 2637 per
716 2572 953 2636 ejusmodi
980 2571 1290 2635 potissimum
1315 2571 1583 2620 sententias
1616 2571 1861 2636 putabant

247 2669 430 2732 optime
463 2666 758 2724 dissuadere,
793 2666 851 2712 ut
874 2664 1093 2712 dicerent
1111 2664 1275 2712 totum
1296 2662 1401 2726 jam
1424 2662 1595 2712 orbem
1616 2664 1860 2713 terrarum

246 2763 421 2810 notum
445 2761 615 2808 vicisse
640 2774 767 2815 eum,
805 2756 1272 2820 periculosissimum
1296 2771 1399 2803 esse
1424 2771 1506 2804 eas
1532 2757 1688 2804 terras
1712 2772 1861 2820 quae-

246 2870 368 2911 rere,
405 2868 526 2915 quas
560 2867 812 2915 nunquam
846 2849 1026 2914 aliquis
1062 2848 1256 2906 viderit,
1291 2848 1528 2911 navigare
1564 2864 1654 2911 per
1688 2849 1860 2912 caligi-

245 2961 416 2993 nosam
450 2943 598 2991 maris
631 2941 914 2990 vastitatem
946 2938 1097 2987 nullis
1132 2939 1219 2987 aut
1251 2938 1438 3002 ignotis
1462 2938 1725 2995 sideribus;
1760 2937 1854 2986 hoc

247 3053 349 3083 non
382 3051 484 3082 esse
519 3034 692 3082 orbem
727 3048 975 3094 quaerere,
1012 3031 1096 3079 sed
1120 3030 1289 3077 orbem
1313 3030 1554 3078 amittere.
1624 3029 1858 3078 Rhetoris

244 3124 358 3174 Osci
394 3124 513 3173 haec
549 3123 771 3173 redditur
805 3123 1050 3171 sententia
1085 3122 1214 3186 (pag.
1240 3122 1270 3169 2
1303 3120 1390 3168 lin.
1422 3121 1451 3168 2
1482 3119 1714 3169 editionis
1735 3120 1860 3171 Bur-

1882 2648 1915 2672 Ι
