2084 3664
1002 321 1065 368 33

219 448 498 521 ¹deosfilio,
526 451 639 514 =quiv
682 451 880 513 tyranni
928 452 1068 513 jussu
1121 454 1309 515 patrem
1369 451 1605 516 pulsavit,
1658 452 1847 515 agitur:

244 548 412 605 Pater,
446 544 633 605 inqwit,
666 543 835 591 voluit.
914 542 999 592 Ita
1032 548 1087 591 tu
1118 559 1213 593 non
1250 550 1459 606 tyranno
1507 548 1721 604 tantum,
1764 545 1850 592 sed

243 638 390 688 etiam
403 634 560 696 patri
584 633 766 697 diona-s
793 633 1072 695 parricidio
1107 635 1242 683 visus
1267 650 1316 684 es
1329 636 1357 683 ,9
1390 637 1474 684 ubi
1506 635 1663 685 forma
1695 637 1849 685 inter-

245 728 466 791 rogativa
494 727 713 775 detracta
742 726 871 773 idem
909 725 1011 774 fere
1042 741 1210 773 sensus
1241 728 1470 785 exstaret,
1505 729 1847 778 detraheretur

243 822 417 868 tamen
437 818 739 883 significatio:
767 817 905 870 valde
940 817 1031 866 hae
1077 834 1130 866 re
1176 819 1401 867 mirantis
1448 821 1497 867 et
1539 820 1842 884 indignantis

239 911 440 976 judicis,
477 912 528 960 et
561 909 939 959 affirmationem
966 910 1087 973 jam.
1106 911 1213 974 ipsa
1247 913 1532 973 quaestione
1566 928 1669 959 esse
1703 929 1843 975 prae-

242 1005 487 1066 sumptam
536 1017 727 1065 neque.
759 1001 1028 1066 exspectari
1101 1002 1368 1061 ostendunt
1439 1003 1590 1053 verba
1669 1009 1841 1065 ,paler

240 1095 435 1143 voluiffl.
477 1093 831 1143 ·Eadem»›vero
866 1110 1079 1157 prorsus·
1098 1095 1226 1143 ratio
1262 1096 1336 1143 est
1369 1093 1489 1154 Ioci,
1530 1096 1621 1159 'qui
1656 1096 1841 1160 legitur

242 1188 355 1252 pagss
380 1187 581 1247 xl{³›‘.31,125,
612 1187 699 1236 ubi
730 1186 944 1237 codices:
979 1187 1200 1250 Iynovit,
1226 1189 1413 1249 inquit;
1448 1193 1494 1237 et
1524 1188 1707 1249 aliquis
1725 1193 1839 1237 ante

241 1294 316 1330 me
347 1284 549 1343 royatus
583 1280 694 1328 est?
729 1277 1137 1341 Gonjunotiouem
1170 1283 1218 1328 et
1247 1278 1458 1327 debilem
1490 1276 1582 1328 hoe
1607 1279 1715 1328 loeo
1735 1297 1839 1329 esse

241 1373 389 1432 atque
423 1384 599 1417 vanam
632 1367 786 1416 cuivis
819 1368 1005 1430 liquet3
1041 1368 1178 1430 eujus
1211 1369 1319 1416 loco
1353 1369 1602 1432 aptissime
1637 1369 1836 1417 exhibet

240 1449 454 1526 epitome
476 1462 575 1521 ita3
610 1476 731 1524 pag:
748 1460 918 1518 222‚6:
954 1461 1113 1520 Itane,
1147 1461 1396 1520 Furcifer,
1432 1466 1485 1508 tu
1511 1463 1722 1520 potuisti
1756 1463 1840 1510 do-

241 1552 425 1602 minam
446 1550 724 1613 complecti5
759 1550 869 1614 pag.
898 1550 1098 1610 304‚10:
1134 1550 1278 1601 Itane
1310 1551 1382 1600 sic
1410 1552 1645 1612 peribunt
1677 1552 1835 1602 decem

241 1646 440 1694 iuvenes
469 1648 675 1707 propter
700 1643 962 1706 dipondios
989 1644 1134 1694 tuos?
1167 1643 1277 1694 Huc
1300 1645 1517 1708 pertinet
1539 1644 1687 1694 etiam
1715 1645 1836 1695 illud

242 1735 547 1799 exemplum,
596 1735 726 1782 unde
759 1734 1007 1798 digressus
1041 1750 1147 1783 sum
1183 1750 1294 1798 pag.
1335 1735 1473 1793 12‚l:
1508 1735 1592 1785 Ita
1624 1751 1684 1785 ne
1716 1736 1836 1786 bello

237 1825 442 1889 quidem,
478 1826 564 1875 sed
594 1824 765 1875 nuntio
798 1826 1079 1875 vincimur?
1113 1825 1217 1874 Nee
1252 1827 1671 1876 minusexistimo
1708 1829 1835 1877 hane

237 1919 500 1968 formulam
549 1918 953 1982 interrogativam
999 1918 1353 1967 restituendam
1399 1935 1501 1968 esse
1557 1937 1667 1982 pag.
1705 1922 1832 1980 84‚1‚

237 2012 322 2059 ubi
357 2010 432 2058 vir
472 2009 642 2067 fortis,
690 2008 775 2071 qui
821 2009 873 2055 in
919 2008 1051 2057 bello
1086 2024 1282 2057 manum
1329 2009 1566 2072 perdidit,
1619 2010 1678 2059 de
1713 2012 1830 2071 filio,

236 2103 320 2166 qui
352 2103 627 2164 imperante
662 2097 801 2163 patre
836 2100 1114 2148 adulterum
1147 2117 1248 2147 non
1284 2101 1488 2149 oceidit:
1536 2104 1830 2161 Arcessitus,

234 2199 291 2243 uc
312 2193 546 2243 occideret
564 2192 825 2251 adulterOS,
852 2191 997 2249 venit,
1034 2195 1089 2240 ut
1111 2191 1385 2245 dimitteret.
1433 2191 1515 2241 Ita
1545 2208 1627 2254 eqo
1656 2209 1831 2243 manus

234 2287 381 2337 etiam
410 2300 507 2348 pro
542 2284 780 2334 adulteris
806 2283 1046 2346 perdidi?
1080 2283 1205 2335 Steti
1238 2300 1337 2347 eqs.

332 2377 558 2426 Summae
584 2392 708 2425 -vero
741 2376 1073 2439 indignationi
1109 2376 1293 2440 optime
1319 2378 1619 2425 conveniunt
1636 2379 1831 2427 cavilla-

234 2472 394 2520 tiones
414 2473 562 2533 atque
590 2468 845 2529 ludribria,
880 2468 1057 2531 quibus
1078 2468 1199 2517 haee
1226 2468 1434 2517 formula
1454 2486 1602 2533 quam
1620 2471 1830 2521 maxime

230 2565 405 2614 idonea
438 2579 541 2612 esse
574 2561 842 2610 videbatur.
913 2558 1138 2623 Namque
1172 2562 1432 2624 postquam
1466 2565 1736 2625 posuerunt
1763 2564 1826 2622 id,

230 2657 359 2720 quod
404 2656 466 2704 ab
511 2654 799 2707 adversariis
841 2650 1086 2717 prolatum
1139 2653 1340 2716 rejicere
1375 2654 1661 2717 studebant,
1713 2656 1825 2704 inde

230 2748 529 2799 concludunt
588 2746 709 2795 talia
723 2784 735 2808 ,
790 2761 914 2810 quae
966 2761 1108 2794 nemo
1165 2746 1315 2810 possit
1360 2739 1606 2796 affirmare
1652 2749 1826 2813 utpote

229 2842 438 2892 absurda
458 2855 777 2903 *quorumque
818 2835 1066 2887 contraria
1099 2854 1214 2886 vera
1262 2854 1365 2887 esse
1407 2840 1694 2902 appareret,
1741 2843 1825 2887 aut

229 2952 354 3000 quae
396 2950 583 2983 summo
628 2933 921 2982 detrimento
962 2933 1124 2980 essent
1168 2930 1466 2989 affirmanti3
1521 2934 1571 2980 et
1615 2934 1669 2978 ut
1713 2947 1822 2979 eum

227 3028 389 3078 ironia
411 3026 629 3090 quadam
655 3024 947 3072 lubribr-ium
970 3018 1313 3081 immiscerent,
1348 3014 1418 3072 ita
1434 3022 1820 3085 interrogabant,

230 3120 369 3182 quasi
426 3115 685 3166 adversarii
739 3116 900 3162 essent
949 3115 1096 3161 etiam
1153 3114 1272 3161 haec
1319 3113 1622 3161 affirmaturi.
1702 3114 1821 3164 Inde

1457 3193 1485 3239 3
