2084 3664
379 974 515 1023 Inter
537 991 620 1023 eos
643 975 920 1037 scriptores,
956 973 1040 1035 qui
1062 971 1288 1036 Augusto
1325 988 1477 1035 quum
1511 971 1721 1020 maxime
1756 971 1849 1018 im-

249 1066 476 1127 peratore
519 1065 794 1114 eruditione
836 1081 920 1128 per
966 1065 1128 1112 totum
1163 1063 1418 1127 paullatim
1450 1064 1712 1126 imperium
1747 1062 1850 1111 Ro-

248 1171 446 1204 manum
455 1168 463 1173 ”
493 1158 764 1221 propagata
805 1157 860 1204 in
905 1155 1159 1219 provincia
1204 1156 1306 1203 nati
1356 1155 1632 1204 litterarum
1676 1171 1850 1203 monu-

249 1253 414 1297 menta
455 1250 785 1311 reliquerunt,
828 1248 961 1296 haud
992 1248 1192 1295 minime
1226 1248 1406 1309 dignus
1452 1250 1552 1304 est,
1604 1249 1657 1294 in
1701 1264 1847 1309 quem

249 1354 399 1402 opera
443 1337 748 1396 conferatur,
795 1336 851 1385 L.
887 1337 1117 1385 Annaeus
1152 1335 1334 1384 Seneca
1386 1338 1527 1399 pater
1543 1372 1555 1394 ,
1598 1336 1849 1384 Cordubae

252 1432 423 1489 natus,
459 1430 597 1493 cujus
640 1430 784 1477 libris
826 1429 1094 1491 inscriptus
1128 1430 1201 1476 est
1233 1429 1435 1476 titulus:
1473 1427 1769 1486 „Oratorum
1802 1432 1852 1476 et

251 1520 504 1570 rhetorum
538 1521 811 1568 sententiae
843 1519 1105 1568 divisiones
1139 1519 1385 1577 colores“;
1421 1519 1605 1583 quippe
1630 1520 1715 1583 qui
1740 1536 1849 1568 nes-

248 1614 322 1662 cio
357 1628 423 1661 an
456 1613 592 1661 nullo
626 1612 802 1661 clarius
836 1612 1108 1676 depingant
1141 1612 1301 1660 studia
1334 1612 1581 1661 rhetorica
1614 1613 1721 1660 aevi
1746 1612 1849 1660 Au-

248 1707 429 1769 gustei,
474 1707 527 1753 et
559 1705 792 1768 quoniam
825 1704 913 1752 illa
946 1706 1106 1752 aetate
1143 1720 1311 1752 omnes
1345 1704 1447 1752 fere
1480 1704 1705 1752 homines
1740 1720 1850 1752 eru-

247 1795 340 1843 diti
373 1799 528 1844 artem
560 1796 958 1845 declamatoriam
991 1796 1427 1859 amplectebantur,
1463 1796 1697 1843 certiores
1730 1795 1851 1843 faci-

248 1889 337 1936 ant
368 1888 427 1937 de
463 1888 663 1951 optimis
709 1888 911 1935 omnino
945 1887 1118 1935 studiis
1151 1887 1285 1935 illius
1320 1887 1571 1949 temporis.
1640 1885 1852 1934 Adsere-

253 1979 339 2027 bat
371 1980 501 2028 enim
536 1979 591 2027 L.
626 1979 862 2028 Annaeus
880 1993 882 1995 ·
897 1979 959 2027 ad
985 1979 1225 2042 judicium
1259 1979 1508 2042 integrum
1542 1981 1691 2041 atque
1733 1979 1850 2026 satis

246 2073 453 2132 subtile,
486 2076 544 2119 ut
577 2075 626 2120 et
659 2073 971 2135 pernosceret
1005 2071 1217 2134 plurima
1249 2071 1396 2128 vitia,
1442 2071 1621 2133 quibus
1657 2071 1850 2119 labora-

246 2165 371 2213 bant
404 2164 655 2227 aequales,
702 2165 752 2211 et
785 2164 996 2212 evitaret
1011 2199 1022 2221 ,
1069 2162 1407 2211 incredibilem
1442 2162 1703 2211 memoriae
1739 2161 1849 2210 feli-

244 2256 460 2322 citatem,
495 2271 621 2318 quae
656 2256 842 2318 quanta
875 2253 1025 2302 fuerit
1059 2253 1112 2301 in
1136 2253 1307 2317 vigore
1330 2253 1521 2312 aetatis,
1557 2269 1708 2316 quum
1742 2253 1847 2316 ipse

243 2349 490 2406 describit,
524 2351 631 2396 tum
662 2348 777 2396 inde
811 2347 1044 2410 colligere
1079 2347 1209 2403 licet,
1245 2347 1377 2409 quod
1411 2347 1527 2394 filiis
1558 2346 1848 2408 rogantibus

243 2444 302 2489 ut
334 2441 603 2490 sententias
637 2439 1172 2503 praestantissimorum
1205 2437 1457 2486 rhetorum
1493 2437 1674 2485 litteris
1709 2453 1849 2485 man-

243 2534 405 2593 daret,
445 2534 550 2597 jam
583 2549 732 2582 senex
763 2547 997 2596 magnam
1029 2530 1222 2594 copiam
1255 2531 1305 2578 et
1340 2545 1532 2590 earum,
1582 2546 1702 2592 quas
1742 2530 1846 2591 ipse

243 2628 518 2688 audiverat,
566 2629 617 2676 et
660 2642 782 2689 quas
826 2642 915 2689 per
956 2625 1079 2673 alios
1114 2626 1389 2686 compertas
1423 2622 1666 2678 habebat,
1713 2622 1848 2669 facili

242 2719 443 2783 negotio
477 2719 642 2782 potuit
675 2716 1002 2781 suppeditare.

371 2811 432 2859 In
463 2827 561 2875 quo
595 2808 638 2859 si
670 2809 798 2858 forte
833 2809 914 2857 via
947 2807 1144 2871 quidem
1177 2808 1326 2868 atque
1361 2806 1593 2864 rationes,
1630 2821 1749 2868 quas
1773 2820 1845 2851 se-

241 2902 344 2950 cuti
378 2902 479 2950 sint
510 2901 746 2959 rhetores,
782 2900 1016 2963 quoniam
1049 2913 1109 2945 ex
1134 2897 1384 2954 memoria,
1420 2897 1643 2959 quamvis
1676 2897 1845 2959 singu-

239 2993 357 3051 lari,
393 2993 560 3042 omnia
593 2992 844 3056 exposuit,
879 2990 1075 3054 penitus
1110 2987 1324 3051 perspici
1358 2990 1630 3050 nequeunt,
1676 2989 1845 3034 tamen

243 3086 453 3146 quaein
485 3085 605 3150 ipsis
639 3083 898 3133 sententiis
931 3080 1292 3137 desiderantur,
1339 3079 1510 3127 crebro
1555 3094 1644 3141 per
1678 3093 1847 3126 omnes

1439 3158 1463 3204 1
1481 3157 1508 3186 *
