2084 3664
1027 296 1089 345 10

250 415 395 478 tatis,
445 420 531 468 ubi
564 425 1010 486 comparaverimus
1024 463 1037 486 ,
1082 429 1201 491 quid
1247 429 1386 479 codd.
1421 432 1644 493 tradant,
1699 438 1854 499 paene

248 512 423 572 sponte
457 529 508 561 se
544 514 717 564 offeret
750 516 899 566 lectio
934 535 966 568 a
996 519 1215 571 Catilina
1248 539 1339 586 pro
1374 540 1433 594 ep
1467 527 1598 589 quod
1632 530 1706 577 est
1737 543 1853 578 aca-

248 600 393 664 liena,
429 607 485 652 ut
506 605 628 656 haec
663 609 729 657 sit
760 612 869 659 tota
904 614 1150 662 sententia
1163 626 1179 663 ε·
1208 615 1296 665 hoc
1331 622 1456 667 certe
1482 620 1737 681 publicum
1775 623 1853 673 be-

245 697 469 757 neficiam
498 701 672 761 palam
703 708 825 762 erat,
861 705 1001 754 illam
1033 707 1298 759 miserrimi
1323 712 1556 773 tempori-s
1574 716 1852 767 servit-utem

244 804 278 835 a
316 788 537 839 Catilina
580 793 783 842 dilatam
824 797 878 844 in
912 797 1200 848 Antonium.
1269 800 1348 850 Sic
1393 806 1445 851 et
1490 806 1679 865 omnia,
1726 824 1851 871 quae

245 877 452 929 fortasse
485 882 663 945 aliquis
697 886 978 950 vituperare
1003 887 1259 953 potuerit
1244 909 1298 941 111
1322 909 1380 942 ea
1403 897 1664 955 sententia,
1699 914 1847 975 quam

244 971 520 1021 Gronovius
554 992 658 1023 esse
693 978 865 1037 voluit,
900 981 1086 1029 evitata
1118 985 1247 1042 sunt,
1284 987 1334 1032 et
1367 1002 1426 1034 ea
1448 981 1569 1051 ipsa,
1605 1003 1746 1052 quae
1755 988 1848 1038 hoc

242 1063 349 1112 loco
408 1070 781 1128 exspectantur,
846 1072 1093 1121 levissima
1151 1078 1458 1126 correctione
1508 1080 1844 1143 perhibentur.

241 1153 440 1204 Etenim
485 1157 556 1204 ita
602 1162 851 1224 corrumpi
897 1179 1039 1226 posse
1087 1182 1268 1215 nomen
1313 1167 1553 1219 Catilinae
1603 1172 1846 1222 similibus

240 1245 420 1296 horum
452 1250 674 1300 codicum
708 1254 842 1303 vitiis
887 1257 1008 1305 satis
1053 1261 1415 1324 comprobatur.
1484 1262 1702 1314 Primum
1738 1267 1846 1330 qui-

154 1395 157 1398 4
238 1341 350 1390 dem
384 1343 575 1406 syllaba
609 1347 648 1395 a·
681 1350 795 1396 ante
831 1349 882 1409 li,
919 1367 1071 1413 quum
1096 1354 1300 1403 eandem
1322 1356 1424 1405 fere
1450 1359 1657 1422 utraque
1679 1376 1845 1424 aspec-

238 1434 345 1479 tum
380 1434 659 1496 praeberet,
696 1438 902 1499 excidit,
937 1442 1043 1489 tum
1079 1458 1218 1503 vero,
1256 1460 1342 1492 cur
1374 1445 1542 1495 littera
1573 1463 1622 1496 m
1655 1449 1845 1512 adjecta

235 1525 311 1584 sit,
347 1526 461 1574 inde
496 1528 602 1575 sine
635 1529 785 1578 dubio
819 1547 965 1580 causa
994 1536 1264 1597 repetenda
1288 1540 1378 1596 est,
1413 1540 1530 1601 quia
1550 1541 1712 1589 scriba
1735 1557 1845 1590 sen-

233 1617 442 1666 tentiam
476 1620 740 1670 verborum
776 1640 880 1672 non
912 1624 1208 1690 intellegens
1241 1629 1432 1679 litteras
1455 1647 1514 1681 ac
1534 1634 1704 1682 notam
1727 1651 1844 1683 con-

227 1708 535 1772 junctionem
569 1731 671 1763 esse
707 1715 871 1776 duxit,
914 1721 965 1767 et
981 1757 992 1779 ,
1048 1737 1197 1783 quum
1233 1725 1491 1773 antecedat
1524 1728 1575 1774 et
1608 1730 1843 1790 sequatur

235 1819 375 1852 casus
410 1806 616 1869 quartus
648 1808 702 1857 in
736 1809 974 1874 syllabam
1006 1828 1090 1862 -am
1124 1814 1306 1878 exiens,
1340 1818 1504 1867 medio
1539 1836 1734 1884 quoque
1756 1838 1842 1871 vo-

229 1896 407 1945 cabulo
456 1899 665 1949 eundem
712 1903 893 1951 exitum
932 1905 1110 1969 adJecit
1143 1909 1193 1957 et
1225 1923 1395 1963 vocem
1429 1910 1642 1960 alienam
1675 1912 1839 1964 confe-

228 1990 329 2046 cit3
366 1992 505 2053 cujus
538 1994 648 2040 vitii
684 1997 926 2044 nonnulla
947 1999 999 2045 in
1019 1998 1232 2048 Senecae
1257 2003 1395 2050 codd.
1429 2004 1839 2066 deprehendimus

228 2084 475 2146 exempla,
527 2102 587 2133 ex
637 2087 815 2149 quibus
849 2106 1002 2138 unum
1036 2094 1092 2139 ut
1126 2094 1355 2153 afferam,
1408 2112 1660 2159 compares
1690 2099 1837 2148 velim

230 2188 344 2235 pag.
385 2175 491 2223 137.
532 2176 586 2234 1,
637 2177 723 2225 ubi
762 2180 922 2240 filiam
967 2183 1206 2246 scriptum
1242 2188 1317 2233 est
1351 2204 1442 2250 pro
1473 2189 1610 2250 filiae
1643 2193 1837 2241 antece-

228 2264 376 2313 dente
410 2282 698 2329 quemquam
731 2270 889 2333 (codd.
926 2276 1260 2340 quamquam).

359 2359 585 2423 Denique
628 2362 688 2410 ad
735 2364 1077 2415 stabiliendam
1123 2368 1254 2418 hanc
1300 2373 1692 2423 emendationem
1739 2375 1833 2426 hoc

227 2469 424 2519 quoque
458 2454 645 2518 aliquid
681 2456 907 2507 conferre
941 2459 1160 2519 videtur,
1197 2464 1327 2525 qnod
1380 2466 1530 2514 etiam
1565 2468 1831 2530 aliis-locis,

225 2545 310 2594 ubi
346 2544 596 2594 Ciceronis
631 2562 845 2596 summas
879 2550 1045 2598 laudes
1080 2554 1230 2616 atque
1264 2556 1443 2605 merita
1477 2558 1530 2605 in
1564 2561 1833 2625 rempubli-

224 2655 333 2685 cam
382 2639 562 2701 aliquis
613 2641 867 2701 praedicat
916 2646 1002 2689 aut
1047 2648 1257 2693 mortem
1298 2650 1356 2694 ut
1400 2650 1733 2713 importunam
1782 2658 1832 2703 et

223 2729 507 2779 damnosam
540 2731 782 2796 deplorat,
817 2732 1056 2784 Catilinae
1091 2739 1400 2800 potissimum
1432 2742 1734 2793 mentionem
1759 2745 1832 2793 fa·—

223 2822 309 2870 cit.
377 2821 459 2871 Sic
491 2822 745 2873 Cornelius
779 2825 988 2877 Severus
1034 2829 1086 2877 in
1129 2830 1431 2895 fragmento,
1484 2835 1615 2897 quod
1649 2835 1833 2887 Seneca

225 2914 440 2963 servavit
474 2914 608 2979 (pag.
647 2917 724 2966 37.
763 2917 873 2982 17):

354 3007 678 3070 Deiectusque
724 3012 853 3062 redit
885 3013 1012 3062 votis
1051 3013 1271 3066 Catilina
1304 3020 1534 3080 nefandis

224 3103 270 3146 et
304 3099 356 3145 in
390 3100 490 3149 fine
523 3117 636 3165 pag.
665 3103 760 3152 198
793 3104 844 3151 in
881 3106 1129 3155 simillima
1162 3111 1432 3159 sententia:
1470 3112 1710 3163 Romulus
1731 3132 1826 3165 non
